2194 3893
465 253 491 286 2
506 245 538 297 3
934 227 1243 283 CRYPTO
1253 226 1505 281 GAMIA
1517 267 1530 280 .

491 359 848 428 longitudinis
875 372 983 420 est,
1021 361 1468 409 innovationibus
1494 361 1681 426 paucis
1701 359 1920 407 divisus.
1990 353 2072 408 De

494 442 679 478 caetero
719 430 879 476 caulis
917 426 995 476 fili
1031 430 1294 477 tenuioris
1331 427 1691 477 crassitudinis
1726 438 1939 474 tantum
1976 439 2071 475 est.

491 498 635 546 Folia
666 513 876 561 semper
900 497 1169 562 adpressa‚
1207 497 1848 553 lanceolam-attenuata,
1886 493 2073 542 subca-

496 566 666 612 rinata
718 575 768 612 et
811 564 1246 629 quinquefariam
1297 565 1548 627 disposita
1597 562 1727 611 adeo
1785 572 1848 609 ut
1900 562 2073 610 caules

493 648 714 697 prorsus
762 632 1255 697 quinquangulares
1309 629 1579 690 efficiunt,
1650 631 1827 678 colore
1867 629 2076 695 glauce-

496 702 713 748 scentia.
762 700 940 748 Flores
964 702 1250 764 utriusque
1270 714 1423 746 sexus
1453 698 1759 746 terminales
1783 696 1841 744 in
1868 697 2075 744 diverso

495 769 814 825 individuo3
855 767 1082 816 feminei
1108 768 1247 814 foliis
1269 766 1690 832 perigonialibus
1716 766 1898 813 erectis
1924 765 2078 812 elon-

497 837 628 900 gatis
652 847 702 883 et
727 852 957 901 superne
989 836 1286 884 serrulatis:
1335 834 1552 898 pistillis
1595 835 1796 881 circiter
1829 841 2078 897 quatuor,

497 904 598 951 filis
619 906 799 967 paucis
823 906 1069 951 succosis.
1138 903 1306 950 Floris
1334 901 1560 949 masculi
1584 900 1709 948 folia
1732 898 2081 965 perigonialia

497 983 683 1035 patent
707 972 835 1019 adeo
859 983 921 1018 ut
945 973 1088 1019 Horis
1104 982 1273 1035 partes
1298 974 1526 1017 internae
1549 985 1741 1017 omnes
1770 978 1947 1032 aperte
1968 982 2078 1014 cer-

498 1050 734 1094 nuntur3
774 1038 1159 1102 paraphysibus
1185 1038 1393 1084 clavatis
1418 1038 1500 1082 uti
1521 1052 1633 1083 esse
1657 1040 1832 1083 solent
1856 1037 1913 1082 in
1937 1034 2080 1081 Hori-

499 1105 600 1152 bus
630 1105 1048 1153 disciformibus.
1119 1104 1237 1153 Seta
1261 1106 1352 1150 vix
1378 1104 1515 1150 ultra
1538 1103 1932 1159 semiuncialis,
1972 1100 2080 1148 ful-

499 1189 718 1219 vescens
735 1207 750 1231 ,
806 1189 1019 1235 semper
1068 1172 1364 1220 terminalis
1410 1172 1531 1234 quia
1574 1171 1858 1217 innovatio
1909 1168 2083 1215 adhuc

500 1239 677 1287 brevis
728 1251 805 1287 est
855 1241 988 1287 «luni
1026 1239 1235 1304 capsula
1285 1250 1511 1286 matura.
1595 1237 1817 1302 Capsula
1865 1235 2083 1294 cernua,

501 1308 823 1372 subglobosa
842 1342 856 1366 ‚
896 1319 1090 1355 costata
1107 1342 1122 1366 ,
1158 1308 1268 1354 basi
1289 1322 1485 1371 parum
1508 1315 1745 1353 exstante
1769 1316 1821 1352 et
1846 1304 2082 1368 gibbosa-

504 1374 842 1439 Operculum
876 1376 1112 1441 oblongo
1129 1404 1150 1414 -
1167 1376 1449 1433 conicum,
1500 1374 1912 1421 subrecurvum.
1982 1371 2084 1418 Pe-

503 1444 820 1490 ristoinium
858 1444 995 1490 dum
1036 1442 1334 1490 humidum
1381 1452 1556 1489 exacte
1597 1442 1880 1498 conicum,
1939 1439 2084 1502 apice

504 1511 758 1558 coalitum
784 1527 881 1559 nec
906 1511 1019 1558 ullo
1048 1510 1213 1558 modo
1236 1510 1530 1565 divisibile3
1580 1509 1930 1557 exsiccatione
1955 1520 2084 1554 vero

506 1580 781 1626 columnae
814 1579 1054 1626 sedecim
1091 1578 1305 1626 inferne
1347 1593 1373 1624 a
1419 1593 1473 1625 se
1516 1578 1756 1624 invicem
1775 1576 2085 1639 divergunt‚

505 1662 612 1710 quo
637 1647 810 1693 abitus
834 1663 930 1710 pro
957 1646 1257 1694 seminibus
1281 1655 1455 1709 patet,
1515 1644 1751 1708 indeque
1786 1654 1969 1690 totum
1990 1657 2084 1706 pe-

504 1716 819 1761 ristomium
844 1717 1054 1762 brevius
1086 1714 1143 1760 fit
1165 1725 1217 1762 et
1242 1728 1501 1760 coronam
1534 1714 1738 1777 regiam
1772 1710 1881 1759 fere
1905 1709 2082 1758 reFert.

503 1781 747 1848 Singulae
809 1782 1079 1829 columnae
1148 1782 1501 1828 transversim
1565 1780 1760 1827 striatae
1785 1812 1801 1837 ‚
1871 1777 2087 1826 inferne

507 1849 702 1912 aequali
726 1852 891 1913 spatio
915 1851 1132 1896 insertae
1148 1882 1162 1906 ‚
1188 1848 1280 1896 sed
1304 1863 1535 1912 superne
1555 1861 1649 1911 per
1670 1847 1810 1911 paria
1837 1847 2088 1910 primum

507 1917 814 1963 coalescunt
839 1917 984 1964 unde
1010 1917 1417 1980 quodammodo
1441 1915 1618 1978 bijuga
1647 1925 1921 1978 apparent,
1960 1913 2089 1961 (lein

506 1986 564 2031 in
588 2000 906 2048 compagem
925 1994 1203 2047 pertusam
1224 1984 1447 2029 unicam
1481 1998 1673 2029 omnes
1698 1983 1914 2030 abeunt.
1988 1978 2089 2029 Ca-

506 2052 679 2116 lyptra
707 2053 879 2099 brevis
904 2061 965 2098 ut
985 2050 1303 2114 operculum
1325 2049 1435 2098 Fere
1460 2049 1645 2096 solum
1668 2051 1814 2113 tegit.

644 2150 980 2217 Explicacio
1026 2151 1237 2199 iconis:
1303 2167 1346 2198 a.
1416 2150 1553 2198 Folii
1605 2149 1951 2214 perigonialis
2008 2148 2087 2197 fe-

508 2222 685 2269 minei
722 2237 851 2284 apex
886 2218 1008 2282 56es
1045 2230 1182 2267 auct.
1267 2217 1316 2267 b.
1365 2217 1624 2266 Sui-culus
1658 2233 1785 2264 cum
1821 2217 2090 2265 Hore‘ma-

512 2289 660 2337 sculo
688 2288 957 2336 discoideo
987 2303 1162 2352 augm.
1202 2294 1250 2345 8.
1336 2302 1376 2333 c.
1416 2285 1635 2332 Folium
1668 2283 1914 2346 ejusdem
1950 2285 2090 2348 peri-

510 2356 721 2421 goniale
742 2371 922 2419 angui.
949 2367 1030 2402 ρο.
1105 2355 1153 2406 d.
1192 2355 1312 2401 Flos
1339 2352 1611 2400 masculus
1651 2351 1953 2400 denudatus
1986 2351 2092 2399 dis-

511 2437 682 2473 sectus
706 2431 827 2484 qsses
859 2433 996 2470 auct.
1068 2438 1113 2471 e.
1153 2421 1394 2485 Calyptra
1430 2436 1610 2486 augin.
1647 2435 1726 2468 10.
1808 2419 1845 2466 f.
1884 2419 2094 2484 capsula

513 2508 640 2539 cum
667 2493 983 2555 peristomio
1011 2492 1124 2537 sine
1149 2489 1399 2554 operculo
1431 2504 1548 2536 1oes
1573 2498 1710 2535 auct.
1780 2503 1828 2553 g.
1867 2485 2094 2551 Capsula

511 2562 800 2605 immatura
826 2559 1045 2606 dissecta
1068 2567 1130 2604 ut
1153 2557 1400 2606 videatur
1420 2571 1625 2604 camera
1653 2555 1897 2620 superior
1927 2554 2092 2602 semi-

445 2656 455 2661 ·
512 2627 648 2673 nalis
672 2638 723 2673 et
748 2626 1045 2673 substantia
1070 2625 1254 2671 baseos
1279 2624 1517 2689 gibbosae
1541 2638 1721 2686 augm.
1752 2634 1828 2669 12.
1900 2622 1952 2668 h.
1989 2621 2089 2668 Pe-

510 2696 828 2742 ristomium
873 2693 1172 2739 humidum
1216 2709 1396 2757 augin.
1443 2698 1526 2753 34.
1618 2693 1651 2737 i.
1698 2690 2092 2745 Peristomium.

512 2763 858 2809 exsiccatione
895 2776 1008 2808 sese
1042 2761 1281 2823 aperiens
1314 2775 1495 2824 augm.
1529 2765 1612 2821 54.
1693 2759 1742 2806 k.
1779 2754 2090 2805 Peristomii

512 2831 673 2895 apicis
697 2844 815 2894 pars
848 2842 999 2876 moes
1025 2838 1162 2876 auct.
1888 2825 1891 2827 ’

805 2955 1720 3014 TRICHOSTOMUM.

1018 3052 1164 3096 Hedcv.
1193 3063 1307 3107 spec.
1344 3066 1391 3109 p.
1425 3063 1521 3105 107.

507 3137 1119 3188 Fructificationes
1164 3139 1432 3196 monoicae3
1498 3154 1521 3186 s
1543 3147 1564 3183 t
1589 3152 1615 3184 e
1641 3132 1836 3181 tilis
1885 3131 2090 3199 gemmi-

609 3204 803 3248 formis.

509 3263 792 3332 Capsula
865 3262 1252 3328 subcylindrica.
1340 3257 1788 3322 Peristomium
1846 3255 2090 3324 simplem
