2194 3893
445 253 562 308 455
969 235 1562 289 cRYPTOGAMIA.

579 369 756 417 Usnea
782 366 995 482 garbata
1031 364 1252 415 Achar.
1292 365 1460 415 mecla.
1498 385 1551 433 p.
1588 379 1706 431 513.
1777 366 1907 417 lich.
1933 370 2083 418 univ.

751 472 761 482 .
826 446 908 498 ²24·
1354 469 1361 476 .
1949 472 1954 479 .

578 454 778 553 LichEn
836 505 997 550 ramis
1032 503 1381 563 filiformibus
1415 503 1643 551 ramosis
1679 513 1776 551 etc.
1813 498 1985 552 Linn.
2007 499 2084 568 fl.

712 571 866 636 Ιαρρ.
894 590 948 619 n.
974 578 1091 633 457.
1960 573 1964 576 ’

578 639 755 688 Usnea
782 639 990 687 barbata
1017 650 1108 686 etc.
1135 635 1352 686 Dillen.
1376 655 1428 702 p.
1453 635 1533 699 65.
1565 647 1600 684 t.
1631 648 1707 684 12.
1738 636 1771 684 f.
1793 634 1843 685 6.

512 708 858 771 Lapponibus
884 704 1095 771 Slappo
1123 724 1161 754 s.
1187 704 1331 775 Jeuj.
1404 705 1758 753 Fennonibus
1781 702 1999 755 karmu.
2094 756 2096 759 ,

514 776 651 824 Hab.
686 778 741 822 in
777 776 1055 822 arboribus
1081 779 1346 839 praecipue
1371 773 1577 821 Detulis
1602 774 1894 837 Lapponiae
1918 775 2091 837 sylva-

580 845 700 891 ticae
756 845 989 907 passim;
1049 845 1108 890 in
1147 844 1306 907 lignis
1362 840 1712 889 NordIandiae
1752 840 2093 906 inferalpinae

582 910 759 958 brev-is
799 910 1103 959 admodum
1140 912 1386 960 occurrit.

508 1038 588 1072 ιο.
629 1022 711 1072 Co
728 1040 759 1071 R
773 1039 805 1071 N
818 1041 835 1070 1
849 1041 874 1072 c
887 1041 916 1071 υ
930 1019 1003 1070 LA
1019 1040 1051 1071 T
1066 1040 1113 1071 1:
1163 1025 1326 1071 ramis
1351 1022 1686 1085 ramulisque
1710 1021 1888 1086 rigidis
1913 1037 2036 1071 acu-

595 1092 818 1139 minatis
832 1091 1177 1154 furcatisque.
1251 1088 1701 1153 (Corniculana
1724 1086 1968 1138 Sclzreb.·

985 1173 1113 1223 gen.
1151 1183 1219 1191 —
1288 1153 1547 1220 Aclzar).

448 1245 565 1300 825.
603 1236 862 1288 LICHEN
886 1236 1316 1285 oclzrolevclcus:
1346 1235 1815 1285 subcorniculatus
1842 1237 2098 1285 erectius-

649 1306 802 1354 culus
861 1307 1094 1369 pallidus
1131 1307 1426 1353 rimulosus
1467 1305 1821 1368 divergente-
1852 1304 2099 1352 dichoto-

651 1390 809 1433 mus,
847 1374 1071 1422 ramulis
1099 1374 1505 1439 divergentibus
1533 1372 1745 1419 t'urcatis
1773 1374 2092 1437 nigricanti-

649 1441 771 1489 bus.
1923 1448 1926 1450 '

583 1510 642 1560 L·
698 1508 1091 1557 ochrolevchus
1127 1504 1307 1557 Elzrlz.
1346 1506 1506 1557 bez'cr.
1543 1518 1590 1570 3.
1635 1525 1688 1574 p.
1722 1514 1805 1568 82.
1887 1502 2102 1557 Achar-

723 1573 920 1640 prodr.
945 1595 996 1641 p.
1027 1585 1140 1637 215.

593 1642 771 1693 Usnea
810 1645 1162 1693 ochrolevcha
1193 1639 1413 1711 Hoffm.
1447 1642 1524 1710 pl.
1563 1640 1694 1692 liclz.
1727 1656 1775 1692 2.
1799 1660 1850 1709 p.
1873 1655 1922 1705 7.
1946 1654 2104 1705 tn27.

727 1713 812 1777 fig.
851 1725 898 1760 2.
1559 1761 1563 1767 .

593 1778 968 1828 Cornicularia
1062 1780 1418 1828 ochrolevcha
1503 1775 1718 1828 Aclzczr.
1803 1776 1933 1828 liclz.
2007 1793 2101 1828 un.

729 1865 779 1911 p.
819 1849 934 1907 614.

587 1914 847 1962 Parmeiia
877 1915 1231 1963 ochrcnlevcha
1257 1912 1466 1962 Achar.
1493 1913 1662 1965 mech.
1691 1931 1744 1980 p.
1772 1925 1889 1974 271.

522 1981 657 2030 Hab.
699 1982 761 2028 ad
802 1993 996 2029 terram
1033 1999 1192 2046 supra
1230 1983 1360 2029 alios
1390 1984 1645 2030 Lichenes
1684 2000 1780 2049 per
1815 1983 1958 2046 alpes
1997 1982 2102 2031 ela·

592 2051 752 2097 tiores
803 2055 964 2096 totius
1013 2051 1306 2113 Lapponiae
1354 2061 1432 2097 sat
1479 2050 1815 2114 frequentem
1873 2067 1977 2099 nec
2018 2052 2104 2098 in-

589 2127 669 2164 ter
693 2117 903 2163 arbores
929 2133 1176 2179 unquam
1199 2117 1386 2164 lectus.

659 2186 944 2232 Denudata
983 2200 1099 2247 pars
1138 2185 1390 2231 Lichenis
1431 2200 1644 2249 semper
1678 2187 1958 2250 nigrescit3
2011 2184 2109 2233 ubi

527 2267 739 2316 sparsus
807 2253 994 2299 crescit
1055 2262 1107 2300 et
1167 2263 1313 2299 totus
1371 2254 1546 2299 ventis
1608 2256 1882 2316 expositus
1940 2255 2105 2300 etiam

526 2330 752 2367 truncus
785 2321 940 2382 niger
976 2320 1063 2376 fit,
1123 2320 1168 2365 si
1204 2335 1333 2367 vero
1372 2319 1699 2384 caespitosinl
1754 2333 2108 2386 congregatur

527 2388 615 2435 vel
641 2388 756 2434 aliis
783 2388 977 2451 plantis
1003 2386 1300 2434 occultatur
1327 2388 1468 2450 quod
1497 2388 1559 2434 ad
1582 2389 1881 2435 maximam
1898 2401 2107 2452 partem

526 2456 786 2518 pallescit.
826 2457 885 2501 ln
910 2456 1244 2517 nigrescente
1269 2465 1458 2502 trunco
1487 2455 1858 2518 perevidentes
1883 2468 2012 2503 sunt
2038 2458 2108 2503 ri-

529 2523 702 2570 mulae
748 2523 1036 2569 albicantes
1072 2522 1299 2570 lineares
1334 2523 1588 2569 fibrosam
1626 2522 1740 2584 ejus
1790 2524 2125 2588 compagem‘

530 2591 861 2646 indicantes,
935 2589 1132 2653 quibus
1202 2606 1320 2636 nun
1382 2601 1556 2655 potest
1632 2606 1749 2638 non
1816 2593 2109 2639 certissime

528 2673 554 2704 a
579 2653 641 2703 L.
667 2669 1021 2705 sarmencoso
1049 2657 1336 2722 distingui,
1384 2661 1470 2705 cui
1496 2658 1719 2723 quidem
1744 2658 2006 2705 nonnihil
2030 2657 2108 2705 af-

529 2725 652 2774 finis
704 2735 813 2784 est,
865 2724 961 2776 ⁴sed
999 2726 1248 2788 sequenti
1286 2736 1393 2771 tota
1441 2737 1780 2779 sua-statura
1828 2725 1989 2789 longe
2037 2728 2107 2773 si-

528 2793 733 2840 milior.
806 2791 992 2856 Neque
1014 2788 1078 2838 L.
1103 2804 1519 2840 sarmencosztm
1541 2796 1778 2842 minime
1800 2794 2107 2858 nigrescen-

529 2872 650 2909 tem
677 2859 801 2908 vidi
848 2876 1182 2924 quamquam
1229 2861 1598 2920 denudatum,
1655 2876 1833 2924 neque
1881 2862 2106 2909 ramulis

534 2928 750 2976 furcatis
809 2927 993 2991 rigidis
1041 2927 1125 2975 vel
1177 2919 1515 2976 cornicliiatis
1555 2928 1668 2975 ullo
1707 2928 1874 2974 modo
1911 2929 2107 2991 praedi-

531 3007 681 3053 t111n3
719 2997 898 3060 itaque
921 3006 1127 3043 setosus
1156 2997 1296 3043 mibi
1326 2997 1552 3055 dicitur,
1577 2992 1643 3042 L.
1671 2993 2109 3045 oclzrolevclzum

536 3079 664 3112 vero
703 3063 765 3110 ad
805 3063 1160 3110 corniculatos
1197 3063 1371 3110 retuli.

668 3127 734 3178 L.
763 3141 1148 3178 sarmetzcosus
1173 3127 1339 3197 Engl.
1365 3128 1476 3178 boc.
1504 3143 1582 3192 29.
1612 3140 1647 3177 t.
1676 3138 1825 3194 2040.
1852 3142 2110 3180 nostrum

537 3199 833 3246 Lichenem
855 3198 1281 3247 ochrolevchum
1305 3200 1544 3262 apprime
1578 3199 1824 3260 exhibet,
1870 3200 2109 3266 apicibus
2144 3223 2147 3225 ·

537 3277 758 3315 tantum
793 3267 1167 3315 concoloribus
1206 3266 1523 3331 discrepans.
