2194 3893
781 213 1103 267 F1L1cns.
1645 220 1756 272 281

306 349 472 398 Frons
498 347 628 398 adeo
652 358 853 398 ternata
871 382 887 408 ‚
925 359 988 396 ut
1009 347 1193 396 foliola
1220 348 1315 396 tria
1340 359 1560 413 prorsus
1585 358 1763 409 aequa-

176 418 245 465 lia
267 420 514 483 petiolata
539 429 668 466 sunt
692 429 849 482 atque
883 417 1158 482 bipinnata
1178 450 1193 475 ,
1221 417 1499 481 sinmlque
1522 415 1763 478 triangu-

175 485 300 533 laria
328 488 394 534 ob
423 488 614 548 pinnas
639 486 826 534 baseos
854 485 1019 550 duplo
1054 484 1284 545 majores
1313 501 1478 550 quam
1502 484 1764 531 interme-

175 554 305 603 dias.
377 555 635 603 Pinnulae
659 557 911 619 integrae,
952 555 1175 601 obtusae.

505 690 1356 747 ASPIDIUM.

629 794 782 837 Svartz
805 793 1060 850 s)·nops.fil.
1103 810 1148 852 p.
1172 799 1226 846 42

165 875 462 942 Capsulae
496 890 687 945 gyratae
733 880 785 925 in
864 877 1028 925 unctis
1074 872 1406 925 subi-otundis
1451 870 1763 921 involucello

265 940 560 988 umbilicato
596 959 633 990 s.
669 941 862 990 laterai
903 941 1068 989 tectis.

100 1041 218 1096 502.
257 1035 601 1084 ASPIDIUM
640 1033 967 1084 Lonclztcis:
1040 1034 1232 1084 fronde
1271 1034 1526 1099 pinnata,
1575 1031 1763 1096 pinnis

299 1104 563 1151 lunulatis
590 1106 807 1153 dentato
824 1135 841 1144 -
862 1105 1189 1170 spinulosis,
1242 1104 1422 1167 stipite
1447 1103 1694 1163 strigoso.

234 1169 302 1219 A.
342 1172 620 1220 Lonchitis
678 1170 890 1221 chzrcz
932 1188 1156 1238 synops.
1214 1188 1267 1236 p.
1302 1180 1385 1232 45.
1482 1164 1760 1219 Wllden.

371 1255 519 1304 spec.
556 1251 605 1302 5.
645 1257 695 1305 p.
722 1252 842 1304 224.
916 1238 1172 1289 Sclzkulzr
1206 1250 1387 1306 crypt.
1423 1254 1475 1303 p.
1498 1251 1580 1301 29.
1619 1247 1654 1285 t.
1677 1250 1761 1300 29.

372 1307 532 1355 bona.

234 1373 608 1438 Poly-'podium
631 1378 908 1425 Lonchitis
947 1374 1115 1426 Limz.
1141 1373 1495 1439 „epea-plant.
1534 1390 1586 1438 p.
1616 1379 1762 1435 ¹548·

378 1439 635 1491 Gramen
675 1461 828 1493 norw.
878 1463 929 1493 n.
973 1454 1052 1509 49.
1136 1442 1287 1491 Flor.
1325 1439 1460 1490 dan.
1499 1452 1547 1504 3.
1586 1453 1623 1489 t.
1644 1449 1763 1504 497.

371 1507 596 1580 Liglzts.
622 1525 760 1561 scot.
801 1531 851 1578 p.
886 1512 1002 1573 668.
1036 1535 1045 1540 ·
1075 1509 1248 1579 Engl.
1287 1507 1399 1558 boc.
1451 1521 1529 1558 12.
1578 1520 1615 1557 t.
1645 1521 1762 1572 797.

373 1593 482 1644 opt.
561 1578 752 1628 Cra-zzz
771 1576 1095 1648 groenlatzd.
1134 1605 1203 1614 —-

230 1647 511 1696 Lonchitis
578 1664 791 1712 aspera3
851 1652 911 1697 in
957 1650 1247 1712 Pyrenaeis.
1315 1642 1553 1694 Burserz‘
1606 1641 1761 1712 herb.
1799 1668 1802 1669 ⁷

163 1755 167 1758 .
364 1717 468 1762 XX.
508 1733 563 1764 n.
589 1726 673 1778 41.

162 1783 302 1831 Hab.
326 1786 384 1831 in
421 1784 686 1832 radicibus
721 1785 1093 1850 superioribus
1131 1784 1338 1848 alpium
1375 1779 1762 1830 Nordlandica-

231 1869 390 1910 rum,
415 1854 640 1916 rupium
672 1855 959 1916 sicciorum
994 1853 1198 1901 fissuris
1236 1854 1524 1909 innatum,
1556 1850 1764 1914 passim

234 1921 448 1984 copiose
475 1937 556 1967 ex.
582 1937 656 1985 gr.
691 1921 752 1968 ad
778 1922 970 1969 Ranen
998 1932 1050 1969 et
1070 1920 1252 1968 Salten
1292 1920 1399 1967 fere
1429 1918 1661 1982 ubique,
1699 1918 1764 1965 ad

231 1990 456 2052 Lyngen
487 2004 703 2053 quoque
738 1991 978 2053 copiose3
1028 1991 1085 2036 in
1112 1988 1418 2036 Finmarkia
1444 1986 1764 2034 occidentali

232 2061 402 2104 rarius
428 2073 506 2102 ex.
534 2073 608 2121 gr.
638 2058 692 2102 in
719 2057 1116 2121 Storvigsnaset
1141 2056 1203 2105 ad
1228 2056 1392 2103 Alten
1411 2088 1426 2114 ‚
1474 2067 1527 2102 et
1562 2056 1617 2101 in
1645 2054 1763 2118 alpe

231 2140 399 2189 prope
426 2118 754 2189 Strandgard
780 2125 1116 2189 Porsangriae
1147 2140 1325 2188 parce:
1377 2122 1467 2170 sed
1501 2139 1528 2170 e
1552 2123 1763 2169 svecico

231 2193 394 2240 latere
420 2191 625 2256 alpium
655 2195 877 2239 nonnisi
904 2195 959 2239 in
985 2190 1522 2240 meridionalioribns
1547 2192 1759 2254 parcius

235 2262 468 2309 occurrit
486 2295 499 2317 ‚
539 2261 622 2306 uti
649 2261 704 2306 in
735 2260 851 2323 alpe
875 2260 1085 2307 Sakkok
1107 2261 1353 2306 Lulensis
1391 2274 1414 2304 a
1438 2275 1529 2306 me
1555 2259 1763 2305 lectum

238 2340 292 2377 et
318 2344 487 2392 prope
512 2329 857 2374 Tornensem
884 2328 1060 2374 lacum
1091 2345 1115 2374 a
1147 2327 1256 2374 Cel.
1279 2323 1586 2393 Liljeblad.

295 2396 379 2444 Ob
416 2395 747 2460 rigiditatem
787 2407 836 2442 et
873 2397 1257 2461 strigositatem
1293 2411 1448 2441 suam
1481 2395 1763 2458 insignem

161 2465 318 2514 valde
344 2463 712 2511 memorabilis
741 2475 819 2510 est
844 2466 1043 2527 species
1064 2498 1078 2521 ‚
1119 2464 1207 2510 cui
1231 2459 1591 2519 nullaeaffinis
1617 2464 1760 2510 inter

162 2544 429 2583 nostrates
459 2533 654 2579 existit.
728 2531 916 2596 Figura
945 2531 1150 2579 frondis
1191 2532 1406 2578 linearis
1433 2541 1657 2595 angusta
1684 2539 1763 2578 est

164 2603 611 2667 atqueutrinqne
641 2611 942 2657 attenuata,
979 2600 1268 2647 latitudine
1299 2599 1631 2663 bipollicari‚
1670 2597 1761 2646 sed

162 2668 515 2733 longitudine
546 2669 743 2731 saepius
770 2668 1022 2731 bipedali.
1097 2669 1178 2715 De
1213 2679 1404 2715 caetero
1450 2666 1600 2713 frons
1631 2666 1759 2713 sub-

160 2739 389 2796 sessffis,
438 2752 605 2801 prope
642 2738 866 2782 radicem
899 2737 1084 2799 pinnis
1107 2735 1448 2783 brevioribus
1476 2733 1759 2782 deltoideis

160 2807 246 2854 vel
289 2803 707 2869 triangularibus
750 2805 988 2860 deflexi33
1037 2814 1100 2850 ut
1131 2820 1260 2851 vero
1295 2804 1595 2867 superiores
1636 2818 1760 2850 eva-

163 2876 305 2922 dunt
329 2875 518 2938 pinnae
542 2888 602 2919 eo
631 2873 800 2936 magis
827 2872 1171 2936 elongantur,
1197 2882 1248 2920 et
1270 2871 1397 2918 lobo
1415 2870 1625 2918 basilari
1642 2880 1759 2918 tan-

162 2955 287 2990 tum
314 2957 548 3006 superne
570 2943 922 2987 instruuntur
944 2939 1092 2988 unde
1116 2940 1352 2987 formam
1376 2938 1656 3002 obliquam
1678 2938 1763 2985 lu-

163 3011 413 3059 nulatam
438 3010 739 3073 acquirunt.
781 3008 983 3055 Dentes
1008 3008 1593 3073 spinulosipinnarum
1618 3005 1762 3054 infe-

162 3081 376 3127 riorum
426 3077 581 3125 valde
625 3076 866 3141 insignes
885 3110 899 3134 ,
974 3077 1163 3140 rigidi,
1222 3090 1558 3140 quamquam
1611 3074 1759 3122 haud

161 3148 379 3212 proprie
391 3155 713 3211 pungentes.
753 3144 924 3209 Stipes
939 3155 991 3192 et
1014 3142 1554 3192 rachis‘crassiuscula
1579 3142 1756 3202 firma,

166 3212 546 3280 triangularis,
618 3214 877 3278 utrinque
932 3212 1101 3279 paleis
1166 3213 1382 3279 magnis
1437 3209 1760 3262 rufescenti·

163 3282 267 3331 bus
307 3293 456 3332 tecta.
1518 3289 1521 3290 ’
