2194 3893
637 272 640 274 q
663 190 1162 247 DEcANDmA.
1628 206 1738 256 ων]

217 321 289 375 A.
341 324 629 390 calyculata
676 344 725 382 ‘l-
773 324 1124 392 angustifolia
1178 318 1449 374 Willden.
1497 338 1644 392 spec.
1692 337 1742 375 Ω.

395 430 405 441 .
435 393 495 442 61
549 430 560 442 .

149 459 288 512 Hab.
327 412 390 510 ΞΕ
425 403 723 527 ρεΙίῖιᾶἱὴιιε
767 460 1041 510 umbrosis
1086 459 1340 527 Sphagno
1388 462 1602 527 repletis
1652 478 1747 529 per

219 531 559 595 Lapponiam
581 533 916 581 Kemensem
939 530 1192 577 infimam
1213 532 1417 594 passim
1441 533 1673 597 copiose.

289 599 514 649 Racemi
563 599 847 650 interdum
890 597 1028 646 nudi
1063 607 1195 644 sunt
1229 598 1318 646 vel
1354 600 1474 646 sine
1524 600 1745 648 bracteis

153 665 413 716 foliaceis.
474 668 760 717 Foliorum
781 675 1059 716 serraturae
1085 666 1143 712 in
1168 676 1354 714 nostra
1377 668 1632 716 varietate
1653 669 1746 715 vix

150 734 383 796 adsunt,
421 737 513 786 sed
547 753 743 790 eorum
765 735 882 784 loco
908 735 1173 800 rugositas
1196 733 1285 782 Vel
1309 734 1571 782 callositas
1607 737 1744 783 inae-

153 804 343 868 qualis.
407 804 672 855 Antherae
705 821 762 854 re
799 819 925 852 vera
957 803 1182 851 muticae
1215 812 1362 850 sunt.
1444 802 1626 866 Stylus
1662 820 1744 851 ca-

150 872 374 937 psulam
415 889 679 923 coronans
716 871 1017 938 quadruplo
1059 871 1277 936 longior
1317 880 1398 919 est
1433 887 1602 934 quam
1633 872 1746 937 ipsa

155 941 386 1005 capsula.
427 941 618 991 Forma
642 941 874 1009 capsulae
896 939 1055 988 valde
1078 939 1325 1001 depressa
1347 949 1410 986 ut
1432 939 1541 988 fere
1567 955 1748 989 caseo-

153 1008 278 1057 laris
297 1044 312 1070 ,
358 1010 521 1077 idque
546 1012 714 1076 magis
738 1025 901 1076 quam
920 1010 976 1056 in
1007 1008 1176 1073 figura
1204 1004 1521 1063 Goercneri,
1548 1007 1747 1055 simul-

154 1094 267 1142 que
300 1079 445 1143 calyx
492 1080 723 1129 brevior.
803 1079 1210 1142 Dissepimenta
1256 1076 1486 1142 quidem
1520 1091 1548 1126 e
1583 1076 1748 1125 latere

155 1146 343 1195 medio
368 1148 717 1196 valvulamm
739 1148 994 1195 oriuntur
1015 1156 1067 1193 et
1091 1145 1424 1194 dehiscentia
1446 1146 1507 1192 in
1530 1146 1748 1211 angulis

155 1216 407 1279 primuni
439 1216 524 1275 fit3
562 1215 655 1265 sed
686 1230 934 1264 successu
967 1215 1231 1278 temporis
1264 1214 1655 1278 dissepimenta
1687 1214 1749 1261 in

155 1283 312 1332 binas
339 1285 566 1342 laminas
593 1284 912 1332 dividuntur
931 1293 985 1332 et
1005 1282 1208 1349 singuli
1232 1281 1593 1331 loculamenti
1617 1297 1748 1330 con-

156 1353 501 1416 ceptaculum
544 1353 760 1402 inl‘erne
806 1352 1086 1400 cohaerens
1134 1349 1360 1400 decidit:
1405 1350 1640 1416 ideoque
1687 1351 1749 1397 in

158 1421 256 1469 hac
279 1421 582 1471 admodum
604 1420 893 1481 manifeste
914 1421 1175 1480 cernitur,
1193 1418 1342 1484 quod
1362 1417 1751 1484 dissepimenta

160 1505 345 1539 revera
366 1506 396 1540 e
418 1490 759 1557 marginibus
781 1488 994 1537 inflexis
1017 1487 1369 1537 valvularum
1392 1503 1607 1552 semper
1639 1485 1752 1534 for·

157 1569 413 1620 mantnt,
439 1574 774 1625 quamquam
796 1575 824 1607 e
849 1556 1009 1606 dorso
1032 1557 1285 1621 primum
1303 1556 1592 1606 dehiscunt
1614 1554 1754 1603 dum

160 1625 549 1692 dissepimenta
595 1638 733 1676 arcte
780 1625 1058 1678 columnae
1101 1624 1305 1674 mediae
1365 1623 1560 1672 adnata
1605 1634 1752 1672 sunt.

158 1694 511 1761 Receptacula
557 1698 617 1745 in
677 1706 862 1745 centro
908 1693 1141 1759 capsulae
1188 1692 1637 1757 subpedicellata,
1687 1691 1753 1741 de

164 1775 355 1813 caetero
378 1764 560 1814 brevia
586 1763 929 1830 subglobosa.
999 1762 1225 1812 Semina
1246 1777 1275 1811 e
1300 1762 1462 1812 latere
1493 1761 1753 1810 interiore

161 1847 463 1895 compressa
489 1844 542 1882 et
563 1833 981 1899 submarginata.

95 1910 218 1950 2200.
264 1900 739 1950 ANDROMEDA
780 1912 1120 1968 tetragona.-
1179 1898 1326 1949 foliis
1368 1897 1754 1963 subtriquetris

298 1971 558 2035 sagittatis
606 1969 992 2035 quadrifariam
1033 1969 1366 2028 imbricatis,
1420 1966 1752 2033 pedunculis

293 2039 542 2088 solitariis
562 2038 869 2088 lateralibus
885 2071 902 2098 ‚
938 2038 1155 2086 corollis
1181 2037 1596 2102 campanulatiS.

231 2104 301 2156 A.
339 2117 615 2172 tetragona
665 2103 838 2156 Limz.
880 2122 1022 2155 svec.
1056 2123 1113 2154 n.
1147 2105 1265 2170 556.
1348 2103 1505 2173 lapp.
1539 2121 1597 2152 n.
1638 2099 1754 2151 166.

369 2175 474 2224 tab.
515 2193 557 2224 ι.
592 2175 630 2224 f.
658 2184 710 2239 4.
791 2172 1050 2226 Ebdan.
1084 2172 1134 2223 6.
1173 2186 1211 2224 t.
1245 2184 1396 2238 1030.
1470 2168 1753 2225 Wllden.

367 2260 514 2310 spec,
550 2258 599 2293 2.
632 2262 684 2310 p.
716 2241 838 2305 607.
931 2241 1127 2311 Βοιώ.
1150 2240 1230 2309 pl.
1259 2240 1485 2311 groenl.
1520 2243 1584 2291 in
1612 2237 1753 2291 Acc-

366 2309 529 2382 hafn.
569 2315 631 2361 X.
667 2339 737 2348 —
770 2310 973 2363 Pallas
993 2329 1128 2362 ross·
1177 2326 1229 2365 2.
1260 2329 1314 2378 p.
1337 2310 1420 2375 56.
1459 2322 1496 2360 t.
1522 2321 1606 2374 75.
1642 2310 1679 2358 f.
1702 2316 1754 2372 4.

372 2381 553 2442 (haud
578 2383 637 2430 in
659 2381 908 2441 sibim.)

161 2449 300 2500 Hab.
326 2451 459 2499 locis
482 2450 635 2499 editis
659 2451 809 2499 siccis
829 2467 926 2515 per
943 2451 1154 2516 alpium
1165 2449 1544 2498 Tornensium
1556 2446 1760 2512 jugum

232 2519 649 2568 etNordlandiae
673 2520 1108 2584 septentrionalis
1129 2533 1378 2567 summas
1404 2517 1548 2582 alpes
1566 2516 1757 2581 vulga-

232 2590 475 2646 tissime3
522 2598 586 2635 ut
617 2589 782 2636 etiam
805 2588 864 2634 in
889 2587 1201 2636 Finmarkia
1218 2586 1544 2635 occidentali
1564 2586 1761 2641 rarius,

233 2668 290 2707 et
311 2660 372 2706 in
394 2656 601 2721 alpibus
623 2655 955 2704 Lulensibus
977 2672 1005 2704 e
1027 2655 1191 2704 latere
1213 2656 1423 2704 svecico
1442 2655 1645 2718 passim
1678 2667 1761 2699 sa-

235 2727 305 2775 tis
344 2728 560 2791 copiose
591 2740 671 2773 ex.
710 2739 788 2789 gr.
822 2723 889 2772 ad
911 2721 1273 2785 Kobrinejvi,
1323 2722 1447 2771 Jolli
1468 2733 1521 2770 et
1541 2732 1763 2785 septen-

236 2795 471 2843 trionale
494 2794 631 2841 latus
661 2793 870 2841 montis
894 2791 1174 2840 Vallivare.
1252 2792 1320 2840 In
1355 2790 1593 2839 summis
1626 2788 1763 2853 alpi-

239 2862 342 2913 bus
363 2861 675 2912 Pitensibue
704 2876 825 2909 eam
849 2875 1068 2924 quoque
1092 2859 1221 2926 legit
1244 2858 1356 2907 Cel.
1379 2853 1684 2905 Solander.

300 2933 451 2982 Folia
472 2929 718 2992 eiusdem
742 2930 972 2977 omnino
995 2928 1212 2994 figurae,
1249 2925 1674 2981 constructionis
1710 2932 1766 2972 et

171 2999 309 3050 situs
338 3017 398 3049 ac
419 3002 478 3048 in
505 2996 687 3046 Ericcz
710 2995 965 3065 vulgari,
997 3010 1334 3061 quamquam
1357 2994 1553 3043 calcata
1572 2994 1768 3047 minus

173 3080 476 3119 retrorsum
507 3066 767 3133 producta
806 3076 954 3114 sunt.
1034 3065 1166 3112 Haec
1205 3074 1393 3112 autem
1431 3060 1767 3114 constructio

175 3141 269 3187 vix
291 3137 573 3187 evidenter
604 3134 834 3184 describi
872 3143 1062 3199 queat;
1105 3133 1381 3198 margines
1413 3131 1652 3179 omnino
1683 3144 1769 3177 re-

174 3207 355 3255 voluti
374 3216 506 3255 sunt
529 3215 581 3253 et
601 3203 795 3252 calcara
825 3201 1096 3258 Formam,
1122 3200 1224 3250 sed
1249 3200 1430 3248 discus
1457 3199 1629 3247 simul
1648 3213 1772 3246 sur-

176 3290 304 3327 sum
326 3273 623 3343 productus
646 3273 705 3320 in
728 3271 1003 3339 margines
1027 3270 1160 3320 alios
1182 3270 1398 3336 spurios
1411 3283 1638 3320 sursum
1648 3282 1771 3317 ver-

258 3414 282 3474 ζ
