2194 3893
437 231 552 284 502
958 216 1552 273 CRYPTOGAMIA.

686 388 1798 446 'GYMNOSTOMUM

1002 483 1151 525 Hedw.
1180 496 1295 537 spec.
1349 499 1397 544 p.
1426 496 1497 538 30.

484 557 1082 607 Fructificationes
1146 557 1325 607 dioicae
1392 556 1721 609 terminalesz
1804 560 2073 613 steriles

586 620 1017 669 subdisciformes.

483 681 525 731 C
539 700 563 729 a
576 701 610 750 p
625 701 646 732 s
660 703 694 747 p,
706 683 722 730 l
735 700 776 731 ae
819 684 1173 752 peristomium
1215 682 1424 731 nudum.
1487 711 1491 717 -

417 776 533 832 552.
574 769 1139 820 GYMNOSTOMUM
1164 768 1414 820 Heimz‘z':
1453 771 1755 831 subacaule‚
1782 770 1929 821 foliis
1954 789 2068 839 spa-

621 839 846 888 thulatis
877 841 1200 888 acuminatis
1238 842 1448 904 apicem
1473 855 1664 888 versus
1697 840 2068 901 denticulatis,

620 908 833 972 capsula
857 907 1213 969 cylindracea:
1253 918 1426 955 rostro
1453 906 1736 955 declinato.

551 974 615 1023 G.
635 975 844 1025 Heimii
880 973 1075 1023 Hedw.
1102 976 1262 1040 stirp.
1306 992 1349 1021 1.
1397 985 1431 1021 t.
1456 986 1541 1036 50.
1622 972 1808 1023 Smiclz
1839 973 1993 1024 bric„
2017 988 2065 1038 5.

683 1061 736 1107 p.
766 1041 910 1091 1162.
975 1040 1143 1092 Web.
1171 1054 1228 1090 ec
1250 1038 1425 1088 Molu-
1448 1053 1629 1108 crypc.
1668 1060 1720 1108 p.
1750 1048 1834 1105 87.
1892 1041 2064 1111 Engl.

687 1109 798 1158 hoc.
839 1116 920 1168 28.
959 1122 996 1158 t.
1040 1122 1181 1175 ¹95¹·
1220 1110 1379 1158 bona.

475 1178 611 1226 Hab.
638 1180 697 1226 in
722 1179 1037 1227 scrobiculis
1074 1189 1353 1243 petrarum
1384 1176 1533 1239 juxta
1563 1194 1712 1226 mare
1744 1181 2064 1244 septentrio-

541 1247 665 1296 nale
688 1248 960 1295 rarissime
976 1264 1054 1295 ex.
1072 1262 1146 1310 gr.
1174 1247 1231 1292 in
1257 1246 1547 1310 Rypklubb
1565 1246 1790 1314 Qualoae
1814 1258 1862 1295 et
1887 1249 2061 1314 Lang-

504 1345 515 1362 r
543 1320 646 1363 oen
671 1316 1009 1381 Porsangriae
1033 1315 1358 1362 Finmarkiae
1380 1316 1693 1378 parcissime
1716 1315 1939 1363 lectum.

602 1383 748 1431 Folia
772 1400 941 1432 nervo
966 1383 1142 1430 valido
1169 1382 1332 1430 rubro
1356 1384 1648 1444 instructa,
1684 1393 1748 1430 ut
1770 1384 1937 1432 etiam
1962 1398 2061 1432 cae-

472 1461 599 1500 terae
621 1462 794 1516 partes
816 1453 1106 1517 insigniter
1129 1451 1429 1498 rutilantes.

401 1562 518 1615 553.
559 1552 1133 1601 GYMNOSTOMUM
1185 1553 1623 1600 curwiroscrum:
1692 1552 1839 1601 caule
1883 1553 2058 1601 diviso

605 1622 818 1686 gracili,
858 1622 1002 1669 foliis
1026 1621 1532 1669 lineari-subtilatis
1560 1620 1790 1685 patulis,
1828 1621 2058 1686 capsulis

604 1689 880 1748 obovatis,
920 1689 1161 1753 operculi
1186 1699 1357 1735 rostro
1387 1689 1672 1735 declinato.

532 1756 594 1805 G.
626 1759 1020 1805 curvirostrum
1058 1753 1256 1803 Hedw.
1280 1757 1438 1819 stirp.
1492 1768 1533 1802 9..
1579 1766 1616 1803 t.
1643 1761 1726 1817 24.
1800 1751 1967 1805 Web.
2002 1767 2058 1803 ec

667 1822 841 1872 Μοῆν
863 1822 1138 1873 deucsclzl.
1170 1822 1368 1890 Crypc.
1407 1840 1458 1887 p.
1485 1829 1568 1884 85.

528 1891 740 1954 Bryum
762 1894 1020 1941 aestivum
1054 1889 1225 1940 Lmn.
1252 1907 1397 1955 spec.
1420 1887 1603 1955 plane.
1642 1908 1695 1955 p.
1729 1898 1874 1953 1585.

527 1959 740 2023 Bryum
765 1962 1104 2025 stelligerum
1140 1954 1497 2024 Dicks.fczsc.
1537 1972 1584 2006 2.
1622 1976 1673 2024 p.
1703 1970 1746 2021 5.
1791 1970 1827 2006 t.
1850 1966 1900 2022 4.
1940 1959 1976 2007 f.
1999 1966 2048 2023 4.
2094 1985 2102 1993 =

526 2027 737 2093 Bryum
771 2029 1008 2093 palustre
1030 2030 1316 2076 ¹aestivum.
1375 2023 1595 2075 Dz'llen.
1646 2044 1698 2090 p.
1732 2037 1850 2090 575.
1901 2038 1935 2076 t.
1957 2038 2048 2092 47.

663 2098 748 2162 fig.
774 2097 855 2158 δώ.

458 2163 593 2212 Hah.
630 2166 687 2212 in
722 2164 946 2229 rupibus
979 2163 1251 2211 umbrosis
1287 2163 1507 2211 occultis
1540 2163 1781 2212 maxime
1818 2163 2047 2229 irrigatis

520 2249 617 2297 per
661 2234 861 2282 radices
911 2233 1121 2297 alpium
1166 2231 1659 2280 Nordlandicarum
1703 2232 1909 2296 passim
1956 2248 2047 2280 co-

494 2303 689 2366 ⁴piose.

589 2390 812 2438 Muscus
848 2388 1281 2451 viridi-opacus,
1323 2388 1613 2453 gracilitate
1645 2402 1740 2434 sua
1777 2396 1936 2451 atque
1964 2398 2040 2436 te-

450 2457 660 2504 nuitate
676 2457 828 2505 facile
845 2474 869 2503 a
903 2457 1135 2504 [Veissz'a
1149 2467 1350 2513 acuta,
1369 2457 1454 2503 cui
1472 2457 1595 2503 satis
1613 2454 1830 2513 similis,
1847 2454 2038 2504 distin-

447 2525 710 2589 gvendus.
772 2524 961 2572 Caules
983 2525 1300 2588 pollicarem
1324 2523 1851 2588 longitudinem-vix
1875 2525 2040 2570 attin-

445 2602 617 2656 gunt,
664 2592 818 2640 valde
855 2612 892 2656 g·
917 2593 1073 2640 aciles
1109 2604 1161 2640 et
1191 2593 1396 2658 passim
1433 2592 1622 2649 divisi,
1691 2590 1942 2654 fastigiati
1986 2601 2039 2638 et

445 2660 684 2708 densum
707 2662 982 2724 caespitem
1007 2662 1417 2709 constituentes.
1489 2659 1633 2706 Folia
1656 2658 1887 2705 siccitate
1907 2673 2037 2705 con-

443 2729 668 2787 nivent,
719 2728 973 2776 fasciculo
999 2729 1354 2775 ductulorum
1388 2728 1542 2775 tenui
1574 2728 1864 2782 instructa,
1906 2727 2034 2773 reti-

442 2796 565 2844 culo
592 2797 791 2845 laxiore
819 2796 950 2843 facta
970 2796 1119 2844 uncle
1143 2799 1331 2843 minus
1357 2805 1586 2860 augente
1608 2795 1747 2840 vitro
1776 2804 2033 2856 punctata

441 2875 714 2928 apparent.
786 2864 923 2912 Setae
967 2864 1191 2912 tortiles.
1276 2863 1520 2927 Capsulae
1556 2862 2029 2908 obovato-urceo-

441 2932 560 2979 latae
590 2933 930 2997 marginibus
956 2932 1317 2980 crassiusculis
1352 2929 1721 2978 subincurviS.
1795 2927 2025 2976 Peristo-

435 3002 623 3047 mium
645 3016 859 3064 semper
888 3000 1108 3047 nudum
1141 3000 1312 3064 reperi
1346 2998 1506 3062 idque
1538 2999 1597 3042 in
1632 2995 2026 3058 speciminibus

438 3067 677 3128 cujusvis
702 3071 866 3116 aetatis
889 3070 1047 3127 viviS‚
1087 3079 1139 3116 et
1163 3082 1400 3132 quorum
1426 3063 1746 3127 operculum
1770 3075 1920 3111 caute
1944 3081 2024 3112 se-

432 3138 630 3200 paravi.
706 3135 1042 3200 Operculum
1066 3136 1341 3183 columnae
1367 3132 1596 3195 capsulae
1620 3130 1851 3179 inhaeret
1871 3144 2018 3196 post-

437 3220 601 3267 quam
645 3221 671 3250 a
715 3206 1036 3267 peristomio
1081 3204 1330 3250 solutum
1376 3210 1486 3256 est,
1546 3197 1690 3263 quod
1730 3214 1826 3263 pro
1877 3211 2018 3248 certo

434 3273 822 3334 Gymnostomi
861 3271 1057 3319 indicio
1092 3269 1292 3325 habe03
1341 3267 1405 3317 cle
1436 3278 1624 3316 caetero
1656 3265 1887 3331 planum
1920 3278 2016 3327 est,
