2194 3893
0 213 31 237 ἰ

0 247 30 280 »Γ

0 318 25 346 ὅ,

0 350 21 424 :f
40 398 45 406 ι

509 194 907 248 thmxzs
962 196 1431 254 Lippoxriz.
1577 186 1582 189 ¹
1641 220 1809 259 xxxv

129 328 286 375 timae
332 326 659 375 Fin'markiae
716 326 780 375 ad
827 333 1293 393 promontorium
1356 340 1802 403 septentrionale,

129 411 467 460 quamquam
493 396 561 444 ob
586 412 746 460 rupes
774 409 1070 462 praeruptas
1108 401 1406 451 humorem
1444 415 1496 451 et
1520 409 1803 459 interdum

124 465 319 515 nivem
343 476 701 522 conservant,
748 465 979 530 ideoque
1004 466 1188 530 alpino
1211 468 1341 535 jugo
1368 488 1483 519 non
1508 491 1704 537 parum
1727 482 1799 526 si-

121 531 371 580 miliores
405 544 555 580 sunt.
641 533 703 580 In
749 534 867 598 alpe
900 534 1162 583 Givorten
1198 537 1494 603 Lapponiae
1541 543 1798 596 Umensis

122 603 451 665 temperiem
485 612 638 649 terrae
672 601 839 664 hujus
876 604 1114 669 regionis
1160 605 1300 666 10,o
1334 607 1532 658 therm.
1572 617 1795 681 centigr.

119 683 238 717 esse
275 670 576 717 observavi.

258 734 506 803 Alpium
518 737 737 806 jugum
760 739 848 787 vel
873 739 1016 804 alpes
1042 742 1349 805 superiores
1376 746 1570 796 nivem
1602 752 1794 802 multis

118 804 254 854 locis
289 823 386 870 per
422 818 594 854 totam
630 819 877 854 aestatem
905 822 1251 868 conservant,
1290 829 1394 876 qua
1418 819 1686 867 continuo
1725 821 1791 869 li-

118 871 361 938 quefacta
396 875 696 924 humorem
730 891 1026 924 summum
1066 878 1154 925 vel
1194 882 1379 944 potius
1415 884 1602 933 solum
1629 888 1792 954 uligi-

114 957 325 991 nosum
352 943 729 1008 adipiscuntur
762 946 826 993 iis
859 949 1093 993 omnino
1126 948 1410 1011 peculiare.
1493 953 1573 1001 lbi
1611 957 1792 1015 itaque

113 1026 346 1060 crescere
365 1024 600 1077 possunt
621 1009 1006 1061 Rmzunculus
1024 1013 1295 1081 glacialis
1327 1030 1378 1065 et
1401 1021 1638 1078 nivalis,
1677 1016 1790 1073 Pe-

112 1075 395 1129 dicularis
416 1078 641 1129 hirsuta
666 1092 718 1130 et
725 1077 1038 1145 flammea,
1081 1080 1356 1134 Stellarz'a
1377 1085 1611 1152 hiflora,
1651 1090 1788 1142 Erg-

107 1160 294 1216 geron
320 1145 638 1213 uniflorzcm
658 1183 674 1209 ,
698 1150 901 1214 plantae
938 1151 1108 1197 nullis
1133 1153 1250 1200 aliis
1272 1154 1403 1204 locis
1430 1158 1626 1208 obviae.
1687 1164 1787 1211 Al.

109 1219 270 1282 pium
297 1218 494 1283 jugum
518 1220 575 1265 in
599 1219 879 1282 Lapponia
917 1219 1271 1270 meridionali
1308 1235 1500 1289 utpote
1532 1229 1783 1291 U1nensi‚

107 1285 321 1334 Pitensi
362 1297 417 1334 et
464 1287 900 1352 Lulensi-aquas
953 1291 1274 1337 meteoricas
1330 1294 1688 1345 occidentale-⁴.
1732 1312 1785 1349 et

109 1354 400 1402 orientales
427 1357 664 1402 omnino
700 1366 906 1419 separat
942 1367 995 1417 et
1019 1359 1285 1406 omnium
1316 1360 1528 1426 alpium
1561 1382 1785 1418 summa

106 1425 388 1470 cacumina
430 1424 616 1481 habet3
666 1425 727 1471 in
759 1425 1037 1489 Lapponia
1076 1442 1206 1473 vero
1240 1427 1519 1480 Tornensi
1557 1439 1644 1483 vel
1683 1453 1779 1501 po-

104 1492 218 1540 tius
249 1490 581 1539 Nordlandia
612 1494 858 1540 maxime
891 1495 1310 1557 septentrionali
1352 1498 1495 1562 alpes
1541 1518 1780 1556 sumtnae

102 1575 292 1608 versus
326 1576 478 1608 mare
508 1560 725 1626 glaciale
757 1563 930 1627 magis
967 1561 1281 1621 elevantur,
1332 1583 1500 1630 quam
1532 1571 1649 1619 ullo
1672 1575 1780 1624 alio

100 1627 242 1687 loco,
266 1629 398 1676 adeo
422 1640 485 1676 ut
506 1646 585 1676 ex.
612 1645 688 1694 gr.
712 1645 880 1693 prope
905 1631 1130 1695 Lyngen
1153 1642 1206 1678 et
1228 1632 1536 1685 Tromsoen
1565 1641 1779 1704 alpium

100 1698 386 1746 cacumina
418 1697 623 1746 nivalia
666 1709 720 1746 et
764 1698 1041 1746 convalles
1082 1699 1430 1765 inferalpinae
1475 1706 1776 1760 laetissimae

99 1768 247 1814 inter
285 1781 342 1814 se
375 1765 682 1825 alternent,
732 1767 986 1830 exemplo
1021 1783 1116 1831 per
1148 1768 1492 1834 Lapponiam
1522 1777 1773 1828 inaudito

100 1845 155 1882 et
179 1836 451 1882 scrutiniis
485 1834 760 1888 botaniciss
789 1850 956 1899 quam
999 1838 1239 1885 maxime
1274 1838 1510 1890 favente.
1582 1845 1774 1898 Postea

96 1903 158 1950 in
182 1903 492 1951 Finmarkia
516 1902 840 1951 occidentali
865 1919 891 1950 a
917 1903 1236 1953 discrimine
1260 1922 1527 1971 aquarum
1550 1912 1772 1980 longius

96 1971 381 2020 remotum
406 1984 484 2020 est
506 1971 708 2036 jugum
732 1982 785 2020 et
807 1973 948 2019 mari
972 1975 1390 2036 septentrionali
1414 1981 1647 2039 accedit;
1696 1987 1772 2034 si-

93 2040 328 2105 mulque
353 2041 624 2089 humilius
652 2040 710 2088 fit
733 2051 786 2087 et
820 2040 1058 2104 denique
1090 2043 1149 2088 in
1183 2043 1397 2107 alpibus
1440 2047 1772 2104 Vorieduder

93 2120 148 2157 et
195 2109 529 2157 Rastekaisse
574 2109 816 2156 limitem
862 2109 1110 2156 nivalem
1157 2110 1302 2158 haud
1354 2113 1768 2173 adtingentibus

93 2176 206 2227 fere
229 2178 434 2225 finitur.
506 2176 757 2240 Reliquae
780 2178 934 2225 enirn
957 2177 1099 2242 alpes
1114 2211 1130 2236 ‚
1170 2194 1292 2243 quae
1314 2183 1373 2229 in
1396 2183 1434 2230 F
1437 2170 1766 2240 inmarkiam

93 2247 420 2295 orientalem
442 2262 498 2294 se
521 2246 828 2294 extendunt
850 2261 930 2293 ex.
952 2261 1028 2310 gr.
1054 2245 1118 2292 ad
1143 2247 1357 2297 Tanam
1390 2264 1443 2300 et
1466 2253 1610 2304 inter
1631 2275 1768 2323 pen-

91 2316 337 2363 insulam
372 2315 731 2379 Varangriamr
754 2326 806 2362 et
841 2316 1032 2362 sinum
1080 2314 1398 2367 ‘fanensem
1438 2323 1634 2373 nivem
1674 2330 1767 2378 vix

90 2384 255 2442 ullibi
277 2385 519 2431 retinent
538 2399 876 2447 quamquam
899 2393 1148 2447 petrosae.

236 2447 403 2500 Ulcra
427 2450 673 2500 limitem
694 2450 942 2499 nivalem
976 2452 1181 2500 elevata
1217 2457 1499 2505 cacumina
1539 2464 1762 2525 paucio-

90 2521 243 2570 ribus
282 2532 504 2568 tantum
533 2522 661 2568 locis
695 2522 837 2568 intra
869 2521 1211 2585 Lapponiam
1250 2538 1561 2577 occurrunt.
1622 2532 1760 2580 ‘Ho-

90 2606 220 2638 rum
254 2590 552 2637 humiliora
587 2596 727 2650 4000
765 2589 886 2654 ped.
923 2591 1083 2654 pariS.
1121 2590 1477 2642 altitudinem
1508 2597 1654 2647 haud
1684 2613 1762 2649 at-

89 2660 356 2723 tingentia
392 2658 660 2723 glaciebus
698 2657 1109 2718 destituuntur,
1165 2659 1354 2708 altiora
1396 2663 1667 2729 glaciebus
1704 2671 1766 2730 ³)

87 2729 259 2792 primi
312 2728 528 2792 generis
587 2729 852 2774 instructa
908 2737 1073 2785 sunt,
1132 2726 1395 2778 altissima
1443 2749 1571 2784 vero
1616 2738 1761 2788 ultra

85 2805 228 2858 5000
255 2798 376 2860 ped.
401 2812 510 2860 par.
532 2811 693 2860 supra
717 2811 868 2843 mare
892 2795 1095 2844 elevata
1115 2795 1390 2861 glaciebus
1415 2804 1645 2852 secundi
1665 2823 1758 2873 ge-

86 2866 233 2913 neris
256 2866 428 2929 ruptis
455 2876 507 2912 et
533 2864 855 2912 cadentibus
877 2865 1139 2929 insignita
1159 2877 1309 2914 sunt.
1381 2868 1647 2922 Limitem
1668 2877 1760 2923 ni-

86 2933 271 2980 valem
303 2936 508 2981 circiter
555 2943 692 2996 5500
723 2932 844 2998 ped.
881 2935 1037 2996 paris.
1065 2948 1236 2999 'supra
1278 2951 1432 2984 mare
1476 2939 1756 2994 elevatum

88 3016 202 3049 esse
261 3003 644 3066 cognovimus.
727 3003 791 3049 In
835 3001 1133 3067 Lapponiae
1180 3001 1444 3054 Umensis
1499 3011 1753 3061 confiniis

88 3069 606 3134 septentrionalibus
640 3071 891 3136 primum
925 3070 1088 3119 nobis
1119 3081 1323 3120 notum
1364 3085 1447 3122 est
1488 3093 1754 3130 cacumen

196 3227 251 3276 *)
311 3233 363 3269 In
403 3226 578 3270 Sibiria
619 3225 766 3270 uunae
805 3242 916 3272 sunt
956 3226 1169 3271 Glacies:
1249 3229 1412 3274 Pallas
1448 3234 1509 3277 ἐι(
1535 3236 1660 3278 sibit.
1706 3250 1755 3293 3,

79 3298 130 3342 p.
154 3289 255 3337 448.
294 3285 368 3329 uti
396 3283 587 3330 videtur
614 3282 675 3329 eb
702 3299 905 3332 aestatem
936 3286 1080 3330 nimis
1106 3283 1322 3329 calidam.
1721 3296 1726 3302 ·

1184 3361 1210 3394 C
1244 3358 1278 3397 Β
