2194 3893
444 288 682 325 xxxvnr
883 304 896 313 »
970 269 1056 324 IN
1063 269 1169 322 TR
1177 269 1225 321 Ο
1235 267 1287 321 D
1299 267 1554 321 UCTlO.

447 404 548 456 sub
588 405 716 468 ipsis
756 400 966 467 alpibus
992 401 1273 449 altissimis
1300 401 1412 447 sitis
1435 400 1819 449 inveniuntur.
1893 400 2106 468 Quam-

449 488 615 539 quam
663 488 726 520 ex
758 470 970 536 alpibus
1007 469 1246 517 summis
1278 468 1539 515 nonnihil
1575 480 1813 528 remota,
1854 468 2105 532 ejusdem

448 541 656 590 indolis
704 550 890 588 tamen
937 554 1052 587 esse
1091 539 1308 585 videtur
1361 535 1622 583 convallis
1669 536 2010 600 Utsjokensis
2054 547 2108 585 et

451 608 712 658 convallis
736 623 904 672 prope
920 605 1178 669 Karasjok
1202 615 1255 669 et
1278 603 1620 665 Eume-joel<
1639 605 1841 669 pinetis
1868 604 2106 662 refertae3

452 678 517 726 de
543 688 734 725 caetero
758 676 928 723 nullae
952 676 1010 722 in
1027 674 1335 722 Finmarkia
1359 673 1611 720 orientali
1635 683 1942 721 occurrunt.
1982 672 2110 721 Fin-

451 746 659 794 rnarkia
710 743 1055 792 occidentalis
1104 741 1414 789 convallem
1455 740 1750 805 piniferam
1795 741 1859 789 ad
1910 741 2108 789 Laxelv

448 814 787 878 Porsangriae
851 812 1039 865 habet;
1099 810 1265 874 longe
1313 824 1442 856 vero
1490 807 1761 871 majorem
1808 808 1874 856 ad
1918 808 2105 857 Alten.

447 881 782 930 Nordlandia
815 880 1159 927 Tronisensis
1199 888 1250 925 et
1287 876 1546 924 Saltensis
1583 878 1924 926 convallibus
1958 877 2106 942 pini-

450 950 572 998 feris
615 948 1073 1014 frequentioribus
1114 945 1343 1010 gaudet,
1412 961 1439 993 e
1471 945 1666 1010 quibus
1712 945 2108 1011 Malangrensis

451 1019 711 1066 omnium
757 1018 1010 1064 maxima.
1102 1015 1201 1062 Hae
1237 1013 1510 1063 convalles
1535 1017 1805 1079 praecipue
1839 1014 2109 1063 Saltenses

453 1087 611 1134 clima
639 1086 802 1150 longe
837 1085 1186 1148 temperatius
1215 1082 1417 1130 habent
1441 1098 1607 1146 quam
1631 1093 1740 1130 tota
1761 1083 1966 1146 reliqua
1985 1080 2110 1145 {lap-

448 1155 613 1218 ponia
635 1188 646 1211 ,
674 1155 741 1200 ita
773 1163 835 1200 ut
865 1153 942 1200 ibi
974 1151 1301 1217 proveniant
1326 1147 1709 1198 Cotwczl’laria¹
1737 1147 2108 1203 vet-cicillaca‚

453 1219 824 1285 Ccmzpczrzzcla
861 1218 1146 1285 latifolia,
1198 1217 1490 1285 Fragaria
1527 1234 1688 1266 vesca
1723 1235 1892 1283 eaque
1927 1219 2110 1282 copio-

454 1293 669 1338 &senne
695 1300 789 1336 etc.
875 1288 954 1336 Ibi
980 1288 1147 1335 nullae
1170 1287 1372 1351 plantae
1400 1287 1599 1350 alpinae
1621 1297 1870 1336 crescunt
1902 1287 2012 1334 nisi
2045 1283 2111 1333 ad

450 1359 659 1406 rivulos
709 1354 1026 1424 Saoezfragcz
1080 1353 1346 1403 stellaris.
1437 1356 1610 1403 Trans
1653 1354 2110 1420 promontorium

450 1426 696 1473 Kunnen
722 1428 776 1472 in
811 1423 1160 1489 Helgelandia
1197 1433 1489 1471 occurrunt
1521 1423 1792 1471 convalles
1829 1422 2111 1486 inferalpi-

452 1509 540 1542 nae
564 1494 759 1557 Abiete
793 1496 1021 1540 consitae
1051 1503 1103 1540 et
1124 1490 1254 1540 adeo
1293 1491 1478 1539 ealidae
1497 1525 1513 1550 ,
1537 1501 1601 1539 ut
1625 1501 1731 1539 tota
1756 1489 2112 1555 Helgelandia

454 1578 482 1609 a
517 1563 784 1626 Lapponia
810 1561 1098 1624 separanda
1125 1575 1237 1608 esse
1275 1559 1555 1619 videatur,
1606 1576 1676 1608 ne
1711 1559 1865 1606 Flora
1900 1560 2110 1623 Lappo-

451 1631 571 1678 nica
605 1630 813 1694 plantas
851 1645 877 1675 a
914 1628 1131 1675 climate
1167 1627 1458 1691 lapponico
1495 1627 1652 1677 valde
1693 1628 1888 1675 alienas
1922 1642 2109 1675 recen-

453 1709 564 1746 seat
619 1714 697 1745 ex.
748 1713 822 1762 gr.
875 1693 1155 1759 Corylum
1196 1692 1559 1750 Avellanam.
1651 1695 1761 1743 Aer
1794 1696 2110 1742 maritimus

452 1765 640 1814 Abieti
665 1765 818 1812 valde
842 1766 1102 1812 inimicus
1129 1779 1244 1811 esse
1267 1762 1504 1819 videtum
1543 1763 1668 1811 alias
1690 1766 1749 1810 in
1771 1762 2111 1810 convallibus

453 1833 793 1882 Saltensibus
843 1843 981 1880 certe
1026 1833 1401 1897 provenisset,
1452 1830 1550 1879 ubi
1585 1832 1874 1896 temperies
1909 1831 2109 1894 plantis

456 1903 572 1950 aliis
616 1901 824 1949 alendis
871 1901 1044 1965 magis
1083 1899 1226 1947 favet
1259 1915 1425 1964 quam
1458 1899 1522 1946 acl
1557 1898 1856 1967 Quickjock
1905 1915 2113 1964 pagurii

459 1986 590 2035 iooo
620 1969 781 2035 pedes
807 1971 965 2035 paris.
995 1968 1156 2016 altius
1178 1969 1351 2016 situm
1373 1978 1424 2017 et
1448 1967 1620 2017 abiete
1646 1967 1801 2017 valde
1824 1967 2073 2017 feracem.

557 2144 870 2216 Altitudo
923 2165 1100 2213 terrae
1149 2146 1534 2237 Lapponicae
1579 2172 1776 2238 supra
1822 2172 2014 2217 mare.

587 2298 751 2346 Terra
800 2297 861 2344 in
904 2297 1195 2360 Lapponiis
1226 2295 1679 2345 meridionalibus
1701 2297 1814 2345 scil.
1854 2295 2107 2356 Umensi‚

449 2366 657 2414 Pitensi
686 2377 736 2413 et
769 2365 992 2412 Lulensi
1018 2366 1245 2412 nonnisi
1268 2364 1472 2413 {entius
1499 2365 1756 2412 elevatur.
1802 2364 2107 2430 Templum

451 2434 884 2501 Quickjockense
932 2442 1152 2480 tantum
1203 2445 1332 2493 1070
1368 2432 1531 2497 pedes
1563 2434 1723 2496 paris.
1753 2448 1913 2497 supra
1956 2449 2107 2482 mare

449 2504 727 2550 elevatum
750 2501 1078 2565 reperimus;
1126 2517 1228 2549 nec
1258 2500 1602 2558 dubitamus,
1629 2502 1765 2564 quin
1810 2501 2106 2550 Gillesnole

448 2569 781 2618 nullomodo
818 2569 977 2615 altius
1016 2569 1188 2616 situm
1213 2570 1299 2617 sit.
1324 2569 1662 2633 Lapponiam
1691 2569 1973 2618 Pitensem
2011 2585 2107 2633 pa-

445 2654 575 2685 rum
616 2638 963 2685 elevatioreni
1017 2637 1449 2693 esse'credimus
1496 2638 1766 2700 praecipue
1812 2637 1876 2684 ad
1922 2637 2107 2685 lacum

446 2703 748 2768 Tjiz'kelvase
774 2715 826 2752 et
848 2705 1053 2750 Laisan.
1080 2706 1137 2750 -E
1162 2706 1381 2769 regione
1401 2704 1653 2767 sylvatica
1675 2705 1873 2752 harum
1895 2706 2106 2770 Lappo·

446 2776 669 2822 niarum
710 2774 866 2820 citius
904 2787 1092 2819 versus
1131 2773 1275 2837 alpes
1308 2771 1720 2831 adscendimus,
1778 2783 1830 2821 et
1875 2773 2105 2821 nonnisi

446 2859 542 2906 per
579 2842 736 2889 latera
780 2850 1050 2904 praerupta
1099 2842 1158 2887 in
1207 2841 1420 2904 alpium
1472 2838 1671 2905 jugum
1726 2843 2100 2905 pervenimus.

447 2912 632 2973 Itaque
658 2910 801 2972 alpes
824 2922 1010 2954 versus
1033 2908 1399 2972 Lapponicam
1425 2908 1741 2970 sylvaticam
1770 2904 2102 2973 procedunt;

448 2978 535 3025 sed
568 2989 674 3024 tota
702 2976 978 3040 Lapponia
1002 2975 1245 3037 sylvatica
1269 2978 1399 3024 adeo
1423 2976 1579 3040 plana
1605 2987 1703 3034 est,
1739 2987 1802 3022 ut
1824 2979 1916 3024 vix
1933 2991 2100 3024 mon-

446 3044 646 3092 ticulus
680 3047 746 3092 sit
776 3043 917 3090 ultra
954 3055 1056 3090 200
1079 3043 1240 3107 pedes
1269 3046 1430 3108 paris.
1466 3059 1627 3108 supra
1669 3044 1964 3108 planitiem
1992 3043 2105 3093 ele·-

448 3125 622 3161 vatus.
1696 3131 1700 3133 ⁴

580 3181 854 3244 Lapponia
901 3178 1200 3227 Tornensis
1244 3180 1451 3226 sensim
1483 3178 1642 3230 altius
1677 3194 1865 3226 versus
1901 3177 2101 3246 jugum

443 3249 697 3313 alpinum
743 3247 999 3295 elevatur.
1100 3244 1465 3308 Palajoensuu
1508 3247 1570 3294 ad
1615 3247 1825 3293 flumen
1864 3248 2099 3296 Muonio

443 3317 776 3380 jamdudmu
831 3321 964 3376 1004.
1011 3313 1174 3378 pedes
1219 3316 1378 3381 paris.
1423 3314 1700 3366 elevatum
1741 3310 1856 3365 esse
1902 3317 2099 3382 reperit
