2194 3893
515 133 1102 205 TEMPERATURA
1157 156 1395 204 Ainus.
1643 168 1793 222 mn<

331 277 541 342 Hyeme
584 278 838 329 medium
873 295 937 329 ex
971 296 1115 329 max.
1152 305 1222 316 —
1256 277 1304 330 6.
1320 279 1386 342 36

973 351 1111 399 min.
1150 373 1219 382 -
1253 359 1285 410 9
1318 359 1383 411 33

1001 415 1111 465 diff.
1252 428 1298 466 2.
1316 428 1381 480 97

327 480 460 530 Vere
523 481 778 532 medium
833 499 898 533 ex
971 501 1114 532 max.
1151 509 1220 519 —
1254 497 1297 534 1.
1313 494 1380 548 57

967 556 1107 603 min.
1144 577 1213 589 -—
1246 565 1296 617 4.
1313 559 1378 615 75
1774 577 1783 597 s

990 620 1101 669 diff.
1242 630 1291 683 3.
1319 623 1374 677 ¹8

325 684 542 736 Aestate
578 684 834 737 medium
869 705 935 738 ex
966 705 1108 738 max.
1248 699 1296 752 9.
1312 695 1377 751 25
1449 736 1451 739 ,

453 782 455 785 -
962 760 1104 806 min.
1244 766 1377 823 5.24

487 886 489 888 ,
991 825 1102 874 diff.
1242 837 1373 891 401

318 887 612 939 Autumno
664 890 810 942 med.
856 909 920 942 ex
964 909 1107 941 max.
1250 890 1379 958 1.64

959 963 1101 1010 min.
1139 986 1208 998 ·--
1247 970 1374 1023 Ι.33

994 1028 1105 1078 diff.
1245 1040 1294 1080 2.
1310 1039 1376 1094 97

252 1162 332 1210 Ex
354 1163 439 1212 his
465 1162 936 1214 observationibus
976 1163 1161 1232 colligi
1198 1177 1398 1232 potest,
1437 1178 1768 1233 temperatu-

88 1243 235 1296 ,lram
297 1233 500 1280 Montis
556 1232 607 1280 S.
669 1233 951 1282 Gotthardi
1011 1236 1190 1283 multo
1248 1237 1420 1301 magis
1475 1239 1771 1286 convenire

118 1314 246 1346 cum
287 1310 648 1365 temperatura
685 1302 1060 1350 Promontorii
1110 1303 1551 1368 septentrionalis
1603 1322 1770 1368 quam

117 1382 248 1415 cum
310 1377 669 1432 temperatura
728 1369 1121 1418 Enontekensi.
1204 1370 1481 1435 ‘Optarem
1539 1373 1813 1436 quiclem'

90 1434 310 1489 ‚habere
386 1436 792 1494 promontorii?
832 1439 1272 1502 septentrionalis
1344 1450 1769 1505 temperaturam

109 1505 411 1551 maximam
449 1515 501 1553 et
537 1505 837 1552 minimam
875 1521 1212 1570 unoquoque
1262 1507 1348 1556 die
1397 1508 1764 1567 observatam;

109 1570 295 1619 forsan
329 1572 431 1621 diei
470 1582 522 1620 et
557 1572 734 1620 noctis
772 1571 978 1621 diversa
1029 1576 1318 1641 temperies
1367 1591 1555 1625 ansam
1602 1577 1763 1626 nobis

108 1639 371 1705 praeberet
404 1639 606 1688 melius
646 1640 949 1704 explicandi
986 1641 1357 1690 diversitatem
1405 1645 1762 1708 vegetationis

107 1707 174 1756 ad
230 1708 332 1755 hoc
388 1710 840 1772 promontorium
898 1719 950 1756 et
994 1711 1052 1756 in
1101 1711 1294 1758 Monte
1344 1711 1396 1760 S.
1458 1713 1766 1760 Gotthardi.'

68 1779 71 1781 ’
105 1773 252 1824 Cum
288 1777 389 1823 rite
427 1776 834 1824 consideramus
874 1787 1146 1841 quantum
1182 1779 1355 1826 valeat
1403 1780 1546 1828 calor
1589 1781 1759 1846 insig-

103 1845 192 1893 nis
243 1844 441 1892 aestatis
479 1842 544 1891 ad
580 1846 984 1909 vegetationem
1029 1846 1496 1910 promovendam,
1565 1864 1758 1912 quam-

89 1918 279 1978 quam‘
311 1909 652 1960 dirissimum
689 1914 759 1960 sit
798 1912 966 1978 frigus
1004 1913 1281 1976 hyemale3
1332 1916 1596 1977 conjicere
1621 1928 1756 1980 quo-

49 2024 55 2026 .
103 1997 210 2046 que
246 1980 402 2038 licet,
485 1979 922 2044 uniuscujusque
960 1979 1065 2029 diei
1105 1983 1338 2031 calorem
1386 1985 1759 2034 meridianum

100 2050 226 2115 plus
249 2048 500 2113 prodesse
520 2063 684 2113 quam
713 2048 958 2114 frigidior
980 2052 1070 2098 ae‘r
1096 2062 1399 2099 nocturnus
1415 2067 1609 2102 nocere
1632 2070 1758 2116 pos-
1813 2054 1816 2056 ’

97 2119 185 2167 sit.
276 2119 460 2181 ltaque
506 2132 614 2181 quo
663 2115 838 2178 major
886 2127 966 2165 est
1014 2116 1316 2167 differentia
1355 2121 1500 2169 inter
1544 2132 1755 2186 tempe·
1801 2168 1807 2175 ‚

43 2195 46 2200 '
99 2187 242 2235 riem
285 2186 537 2234 meridiei
570 2195 637 2233 ‘et
683 2187 859 2237 noctis
907 2201 969 2233 eo
1021 2189 1372 2250 praestantius
1434 2199 1514 2237 est
1572 2189 1755 2251 clima,

100 2255 288 2303 ceteris
311 2254 548 2319 paribus.
621 2253 750 2301 Haec
786 2269 1005 2318 quoque
1054 2254 1413 2320 consideratio
1462 2258 1607 2305 favet
1658 2258 1752 2306 cli-

95 2324 233 2371 mati
290 2322 606 2388 lapponico‚
663 2337 796 2369 nam
843 2323 1146 2386 reperimus
1202 2323 1568 2373 differentiam
1610 2327 1754 2375 inter

84 2403 525 2457 ‘temperaturam
573 2390 679 2439 diei
727 2385 780 2439 et
828 2391 1002 2439 noctis
1052 2407 1165 2440 esse
1200 2395 1367 2455 40.9o
1405 2393 1468 2441 ad
1505 2394 1750 2443 Enonte-

97 2461 212 2520 kis,
273 2459 365 2508 sed
413 2459 471 2509 in
511 2460 703 2508 Monte
753 2458 805 2507 S.
846 2458 1131 2507 Gotthardi
1178 2471 1397 2508 tantum
1444 2461 1609 2524 50.98
1654 2479 1751 2527 per

93 2534 278 2577 totum
305 2543 547 2586 annum,
585 2540 637 2577 et
658 2528 887 2576 nonnisi
912 2529 1076 2591 20.97
1102 2528 1203 2575 sub
1243 2529 1520 2591 hyemem.
1585 2530 1747 2580 Valde

92 2596 373 2662 probabile
418 2597 558 2644 mihi
608 2597 823 2645 videtur
872 2612 900 2643 a
948 2596 1120 2644 calore
1167 2598 1475 2646 meridiano
1533 2610 1746 2663 vege-ta·

92 2665 259 2713 tionis
298 2665 527 2731 gradum
565 2666 836 2730 praecipue
872 2665 1140 2728 pendere,
1177 2667 1358 2731 itaque
1404 2668 1554 2715 hunc
1600 2682 1745 2715 seor-

89 2734 201 2797 sim
237 2735 471 2781 indicavi
508 2736 568 2782 in
608 2733 803 2781 tabulis
841 2734 1126 2798 temperiei
1175 2750 1334 2799 supra
1381 2733 1547 2792 datis';
1605 2747 1658 2783 et
1700 2737 1745 2783 si

92 2801 493 2851 observationes
535 2803 943 2851 Enontekenses
983 2812 1407 2866 temperaturam
1444 2805 1744 2851 minimam

89 2871 265 2919 noctis
302 2870 444 2919 haud
485 2871 773 2929 exhibent,
811 2880 1001 2935 utpote
1038 2881 1161 2917 ante
1197 2883 1384 2918 ortum
1422 2872 1551 2919 solis
1596 2871 1742 2919 haud

89 2937 272 2999 factae,
309 2939 362 2986 id
401 2956 594 3005 parum
634 2940 904 2989 dolemus.
988 2938 1281 2987 Praestaret‘
1317 2944 1551 2987 omnino
1600 2950 1739 2989 tem-

87 3018 396 3072 peraturam
454 3009 718 3070 medliam-
757 3006 1004 3060 meridiei,
1074 3009 1131 3055 in
1200 3010 1356 3055 variis
1427 3008 1737 3056 climatibus

88 3091 426 3141 comparare,
463 3077 562 3127 ubi
607 3077 674 3128 de
719 3075 913 3127 effectu
962 3075 1194 3127 climatis
1237 3079 1302 3125 in
1338 3077 1738 3142 vegetationem

88 3147 366 3209 quaeritur.
393 3170 399 3178 ι
811 3166 813 3168 ·

1125 3283 1206 3333 ‘a
