2194 3893
426 196 497 250 55
510 202 538 237 2
947 181 1539 235 CRYPTOGAMIA.

491 313 640 362 ribus
663 311 933 361 masculis.
992 314 1053 360 G.
1081 311 1329 374 ejusdem
1355 330 1502 379 apex.
1563 314 1639 361 H.
1663 314 1861 364 folium
1887 316 2070 372 florale

488 397 616 427 cum
631 382 953 444 genitalibus
967 381 1237 429 masculis.
1288 382 1326 428 Ι.
1344 382 1532 430 eadem
1546 383 1795 447 genitalia
1820 388 2066 433 seorsim.

421 452 539 504 820.
577 448 825 496 ΜΝΙΠΜ
862 447 1147 513 palustre:
1203 449 1434 498 surculis
1484 452 1668 498 erectis
1720 450 2069 512 dichotomis,

618 515 765 563 foliis
802 517 1110 564 lanceolatis
1146 518 1432 564 attenuatis
1457 517 1655 581 patulis
1682 518 2067 584 subintegerri-

621 585 757 642 niis,
798 585 1023 649 capsulis
1051 583 1300 649 oblongis
1325 585 1661 632 subcernuis.
1748 629 1750 632 .

556 649 632 699 M.
669 652 904 716 palustre
937 649 1106 700 Limz.
1143 667 1279 699 sveC.
1314 669 1366 716 p.
1405 664 1523 715 970.
1585 650 1816 718 lappon.
1853 669 1909 701 n.
1943 661 2065 717 413.

692 716 890 768 Hedw.
915 736 1059 784 spec.
1093 736 1141 783 p.
1183 723 1294 775 188.
1364 716 1549 767 Smich
1584 717 1713 768 bric.
1747 732 1794 782 5.
1831 737 1885 785 Ρ.
1925 720 2068 784 1546.

698 785 942 855 Georgii
965 784 1042 852 fl.
1079 784 1285 836 baikal.
1322 804 1373 853 p.
1407 798 1522 851 259.
1604 785 1744 836 Falk
1773 804 1912 837 mss.
1949 801 2068 854 cop.

696 868 743 902 2.
811 891 822 902 .
848 870 877 904 2
951 891 961 902 .

556 873 825 989 Hypnuga
848 866 1027 972 el705des
1053 918 1227 971 *Weln
1257 934 1313 971 ec
1334 919 1510 971 Molzr
1535 936 1716 991 crypt.
1738 941 1790 989 p.
1815 931 1933 983 282.

557 991 676 1038 Mn.
699 990 878 1053 majus
906 1002 1004 1040 etc.
1043 986 1244 1039 Dillen
1267 1007 1440 1039 muse.
1464 1008 1516 1056 p.
1542 1003 1654 1054 255.
1680 1004 1716 1040 t.
1748 1003 1831 1054 51.
1857 991 1893 1038 f.
1919 1002 1969 1053 5.

489 1058 624 1107 Hah.
651 1061 710 1106 in
733 1059 1023 1121 paludibus
1051 1075 1147 1122 per
1169 1068 1340 1105 totam
1365 1060 1702 1122 Lapponiam
1733 1058 1961 1123 (praeter
1996 1058 2069 1106 al-

556 1127 719 1190 pium
743 1127 1019 1189 superiora
1042 1125 1358 1185 cacumina)
1394 1125 1599 1190 ubique
1622 1126 1714 1175 sed
1738 1127 1982 1191 parcius,
2021 1137 2073 1173 et

559 1195 833 1241 rarissime
856 1192 1221 1240 fructiferum.

629 1260 822 1309 Colore
876 1277 975 1308 suo
1034 1261 1349 1308 flavescente
1406 1271 1458 1308 et
1481 1271 1687 1309 textura
1740 1261 1903 1309 molli
1963 1259 2073 1309 fere

491 1327 774 1393 Sphagnea
801 1329 956 1376 valde
978 1328 1235 1376 notabilis
1259 1339 1338 1375 est
1362 1329 1475 1376 haec
1512 1330 1727 1393 species.
1799 1327 1945 1376 Folia
1978 1345 2073 1376 us-

494 1414 599 1461 que
626 1413 654 1445 e
678 1397 791 1444 basi
815 1407 1085 1443 attenuata
1109 1406 1160 1443 et
1182 1398 1513 1454 acuminata,
1550 1411 1719 1444 nervo
1746 1400 1898 1443 tenui
1933 1411 2069 1461 prae-

498 1466 606 1512 dita
623 1499 639 1524 ,
675 1464 856 1530 patula
879 1464 965 1512 vel
988 1465 1170 1528 potius
1198 1463 1552 1511 subsecunda.
1600 1464 1814 1511 Surculi
1840 1463 1948 1511 Fere
1974 1466 2074 1511 toti

491 1544 648 1597 stupa
685 1531 983 1580 radiculosa
1018 1532 1245 1591 obtecti,
1271 1532 1489 1596 qualern
1526 1533 1586 1579 in
1617 1530 1952 1596 praecedente
1982 1533 2087 1578 vix'

493 1617 702 1648 inveni.
2040 1618 2053 1626 ·

420 1666 538 1716 621.
577 1668 830 1717 MNIUM
846 1665 1201 1736 foncanzcmg
1248 1668 1474 1715 surculis
1510 1667 1697 1716 erectis
1734 1666 2071 1714 subverticil*

626 1737 780 1797 latis,
830 1738 970 1785 foliis
1018 1739 1186 1785 ovatis
1222 1738 1543 1784 acuminatis
1576 1751 1811 1800 superne
1845 1734 2069 1783 serrula-

627 1807 695 1853 tis
713 1840 728 1864 ‚
767 1806 995 1870 capsulis
1023 1806 1311 1868 sphaericis.

558 1873 637 1921 M.
661 1873 957 1921 Fontanum
980 1869 1149 1919 Limz.
1172 1888 1310 1919 suec.
1336 1888 1392 1918 n.
1418 1869 1533 1934 969.
1585 1869 1816 1935 Iappon.
1862 1886 1918 1917 n.
1954 1876 2069 1932 414.
2108 1878 2111 1879 ’

696 1939 851 1988 flor.
877 1937 1013 1987 dan.
1036 1951 1070 1985 t.
1097 1948 1211 2001 298.
1252 1935 1449 1986 Hedw.
1475 1955 1621 2002 spec.
1646 1956 1697 2002 p.
1733 1947 1839 2001 195.
1893 1934 2073 1986 Geor-

693 2010 780 2074 gii
804 2005 877 2072 ss.
913 2004 1118 2055 baikczl.
1150 2024 1201 2071 p.
1239 2017 1353 2070 259.
1428 2003 1561 2053 fall.-
1582 2022 1719 2053 russ.
1754 2017 1983 2072 cepogr.
2024 2019 2070 2054 2.
2110 2006 2124 2010 ’

557 2093 769 2208 Βῐγηῗη
793 2085 1029 2208 p7a51ustre
1053 2143 1220 2206 scapis
1246 2140 1501 2189 teretibus
1527 2151 1622 2189 etc.
1660 2137 1881 2189 Dillen.
1899 2156 2071 2188 muse.

697 2229 750 2277 p.
776 2221 897 2274 540.
926 2223 961 2258 t.
992 2217 1072 2272 44.
1101 2211 1135 2257 f.
1168 2222 1212 2256 2.

558 2279 770 2343 Bryum
797 2280 1092 2327 fontanum
1113 2273 1297 2326 Huds.
1325 2275 1477 2342 angl.
1504 2283 1621 2338 475.
1661 2272 1875 2324 chzrcz
1898 2292 2070 2324 masc.

699 2364 837 2396 selec.
881 2365 917 2394 J.
943 2352 1026 2407 48.

559 2365 1107 2465 Bartramialfon'tana
1154 2410 1363 2460 Swarcz
1390 2413 1450 2459 in
1473 2407 1711 2460 Sclzracl.
1744 2409 1894 2460 (liar.
1926 2419 2074 2471 1800.

586 2536 588 2539 ,
698 2497 745 2532 2.
772 2501 824 2548 p.
858 2488 965 2539 ¹80·
1015 2479 1180 2531 IVeb.
1209 2493 1265 2528 ec
1289 2478 1464 2527 Molzr
1490 2491 1668 2545 crypt.
1695 2487 2071 2546 germ.p.9„7ss.

494 2550 631 2600 Hab.
665 2552 729 2598 ad
768 2551 974 2598 rivulos
1012 2560 1065 2598 et
1096 2550 1194 2596 ubi
1228 2565 1361 2612 aqua
1401 2548 1621 2595 fontana
1661 2550 1850 2612 purior
1877 2546 2076 2595 diffluit

561 2635 658 2684 per
677 2619 850 2681 sylvas
876 2619 1167 2681 Lapponiae
1190 2619 1409 2681 passim.

625 2686 751 2735 Non
809 2701 1037 2750 possum
1084 2701 1199 2732 :non
1249 2683 1577 2747 praecedenti
1620 2694 1732 2730 tam
1780 2679 1936 2730 affine
1986 2680 2071 2743 ju-

496 2755 701 2814 dicare,
739 2764 803 2801 ut
822 2769 1016 2819 genere
1049 2753 1191 2799 haud
1229 2753 1651 2814 distinguantur.
1724 2751 1922 2797 Modus
1961 2766 2069 2796 cre-

496 2824 682 2872 scendi
729 2822 905 2869 isdem
953 2831 1033 2868 est
1080 2836 1415 2883 quamquam
1460 2819 1838 2866 innovationes
1895 2818 2072 2881 plures

496 2891 830 2940 verticillum
855 2889 962 2936 fere
987 2884 1228 2936 efficiunt
1260 2903 1288 2934 e
1322 2885 1474 2947 cujus
1511 2897 1693 2933 centro
1728 2896 1832 2932 seta
1867 2886 2069 2948 egredi-

494 2971 602 3007 tur.
675 2958 820 3006 Folia
856 2957 1015 3022 plana
1052 2955 1158 3002 fere
1189 2965 1325 3001 sunt
1362 2965 1412 3000 et
1450 2970 1476 3000 e
1504 2954 1619 3000 basi
1661 2968 1790 3000 mox
1813 2953 2073 2999 nonnihil

496 3041 776 3092 squarrosa
797 3041 897 3072 nec
924 3024 1037 3071 ullo
1063 3022 1230 3070 modo
1255 3021 1665 3085 subvaginantia
1688 3031 1749 3066 ut
1773 3021 1831 3065 in
1865 3018 2071 3066 Bartra-

497 3096 659 3153 niiis,
697 3109 795 3141 nec
817 3093 1047 3139 siccitate
1070 3090 1360 3138 convoluta
1387 3100 1438 3135 et
1462 3091 1764 3145 incurvata,
1789 3088 1935 3135 uncle
1960 3101 2073 3134 tex-

495 3174 616 3224 tura
644 3161 817 3208 aliena
840 3170 1001 3223 patet.
1073 3159 1467 3206 Peristomium
1489 3156 1555 3202 ob
1583 3155 1809 3218 capsulae
1834 3154 2073 3202 formam

456 3263 460 3266 ·
497 3229 782 3299 globosam
826 3227 1046 3278 brevius
1093 3237 1173 3276 est
1209 3225 1296 3274 vel
1332 3226 1391 3273 in
1429 3238 1634 3272 conum
1681 3221 2072 3286 depressiorem

555 3295 557 3299 ⁴
1794 3290 2072 3338 redactum
