2194 3893
424 290 501 344 24
533 264 535 267 ’
878 228 880 230 ’
1009 271 1478 328 TRIANDRIA.

485 411 649 478 Lapp.
692 407 900 458 adlatus
943 408 1178 456 omnino
1224 404 1515 463 convenit,
1572 405 1795 453 nullum
1839 403 2073 453 dubium

488 496 602 529 esse
633 488 839 544 potest,
892 477 1028 541 quin
1059 489 1185 523 vera
1208 475 1285 524 vsit
1313 473 1496 538 planta
1529 487 1863 536 quamquam
1897 468 2073 521 Linne

486 558 671 614 postea
704 545 880 593 addita
915 542 1214 591 differentia
1247 542 1406 603 arista
1439 539 1712 588 terminali
1735 556 1855 588 eam
1879 541 2073 588 obscu-

402 635 410 636 ’
486 632 607 664 ram
636 613 882 663 reddant.
955 609 1174 658 Corolla
1215 610 1360 673 apice
1395 607 1714 672 subintegra'
1740 608 2073 658 subenervis.

483 683 648 732 Rami
669 679 932 747 paniculae
956 678 1292 743 paucissimi,
1331 676 1441 724 Fere
1464 691 1676 740 semper
1701 685 1918 722 tantum
1942 675 2075 735 duo,

485 754 645 815 eique
687 749 902 797 inseme
943 747 1177 795 omnino
1218 745 1382 792 laeves
1431 740 1570 803 (nec
1606 744 1956 808 exasperati),
2015 745 2074 792 in

483 833 684 884 paucos
709 827 928 865 tantum
949 813 1190 862 ramulos
1218 811 1531 878 paucifloros
1555 810 1734 870 divisi,
1759 820 1823 857 ut
1845 821 1960 859 tota
1982 826 2075 875 pa·
2116 818 2120 825 '

482 886 670 935 :nicula
699 883 1001 932 admodum
1030 898 1144 929 rara
1171 892 1223 930 et
1244 895 1477 945 paupera
1502 880 1576 927 fit.
1833 880 1838 895 ³

541 975 543 977 ·
592 951 728 1001 Var.
771 965 817 1008 β.
863 953 921 999 in
958 947 1157 998 Svecz'cz
1200 948 1450 997 inferiori
1491 961 1714 1012 quoque
1748 946 1959 1005 crescit,
2008 956 2078 1005 ‘et

487 1024 721 1070 omnino
762 1020 1052 1068 convenire
1076 1018 1294 1065 videtur
1315 1032 1445 1064 cum
1466 1015 1533 1063 A.
1555 1026 1785 1063 secacea
1804 1007 2075 1078 Smiclzst.

480 1087 644 1147 brice.
699 1113 765 1122 —-
800 1087 1112 1152 paniculam
1155 1086 1280 1132 satis
1333 1084 1560 1132 densam
1596 1079 1767 1130 habet.
1840 1082 2078 1130 Flosculi

484 1173 615 1205 vero
662 1159 720 1203 in
767 1166 954 1217 utraqe
996 1153 1208 1212 eidem,
1276 1156 1348 1200 ita
1391 1162 1443 1201 et
1487 1151 1717 1200 nonnisi
1753 1151 2006 1199 varietate
2049 1166 2078 1197 a

479 1223 785 1289 Lapponica
819 1222 1011 1271 differt.

584 1290 664 1341 A.
702 1292 908 1339 canina
938 1286 1109 1338 Limz.
1153 1290 1213 1336 in
1253 1286 1669 1352 septentrionali
1717 1285 1898 1337 Svecia
1930 1284 2076 1334 haud

484 1363 704 1420 crescit,
762 1375 864 1407 nec
908 1358 1144 1423 Upsaliae
1195 1355 1501 1404 admodum
1538 1354 1822 1419 frequens;
1891 1364 2077 1418 estque

484 1431 721 1477 omnino
758 1427 908 1476 idem
947 1441 1173 1491 gramen
1217 1440 1275 1472 ac
1313 1435 1625 1472 exterorum
1659 1425 1717 1470 in
1751 1419 1922 1489 Engl.
1959 1420 2072 1469 boc.

482 1496 569 1545 26.
608 1507 645 1544 t.
688 1496 833 1558 1856.
874 1494 1198 1543 exhibitunl.
1273 1490 1488 1554 Calyces
1516 1490 1630 1552 ejus
1656 1493 1918 1549 niinores‚
1954 1490 2075 1539 bre-

485 1566 664 1613 viores
686 1574 739 1611 et
766 1564 940 1628 magis
978 1564 1152 1620 ovati,
1186 1560 1516 1626 plerumque
1550 1558 1690 1606 fusci
1712 1559 1801 1607 vel
1833 1559 2075 1608 brunnei

485 1631 672 1692 (unde
701 1628 914 1679 Linneo
953 1629 1176 1677 colorati
1214 1628 1501 1685 dicuntur,
1548 1637 1613 1673 ut
1643 1627 1831 1690 ipsum
1851 1641 2076 1692 gramen

485 1701 683 1749 svetice
707 1699 850 1746 brun
865 1699 1069 1756 -hven‚
1092 1699 1150 1743 in
1163 1695 1452 1760 Speciebus
1474 1695 1789 1758 plantarum
1809 1689 2074 1758 purpura-

484 1764 1004 1825 scente-lucentes).
1074 1764 1334 1812 Panicula
1360 1762 1541 1810 multo
1565 1763 1737 1827 magis
1764 1762 2072 1818 densiflora3

484 1838 647 1883 ramis
669 1835 922 1883 flexuosis
947 1831 1314 1881 erectioribus·
1382 1830 1580 1878 Aristae
1608 1830 1781 1895 magis
1819 1843 2074 1877 recurvae.

484 1903 678 1951 Multis
714 1901 980 1950 fasciculis
1033 1899 1298 1947 foliorum
1343 1908 1681 1946 setaceorum
1733 1897 1796 1943 ad
1841 1896 2075 1945 radicem

484 1971 709 2035 praedita
746 1981 823 2018 est
860 1979 922 2016 ut
957 1964 1036 2015 A.
1076 1964 1270 2014 rubra.
1352 1964 1523 2012 Anno
1563 1974 1689 2026 1745
1719 1967 1965 2029 primum
1989 1966 2073 2012 in-

483 2041 672 2089 notuit>
690 2033 905 2085 Linneo
921 2069 937 2094 ‚
976 2044 1028 2083 et
1050 2034 1277 2099 quidem
1295 2034 1380 2080 uti
1414 2032 1632 2080 videtur
1652 2033 1884 2097 Upsaliae
1905 2033 2053 2080 lecta.

417 2116 498 2167 tio.
535 2104 883 2154 AGROSTIS
922 2102 1202 2169 vulgaris.-
1240 2101 1508 2166 paniculae
1531 2102 1698 2149 ramis
1726 2099 2072 2164 subhispidis‚

614 2173 841 2221 ramulis
875 2169 1316 2236 divergentibus,
1381 2169 1545 2234 ligula
1586 2169 1926 2228 brevissima,
1983 2183 2070 2216 co-

613 2242 747 2289 rolla
769 2241 991 2288 mutica.

548 2309 618 2358 A.
652 2309 888 2374 vulgaris
920 2303 1159 2355 Sclzrad.
1186 2302 1330 2370 flor.
1365 2320 1545 2372 germ.
1593 2303 1709 2354 206.
1766 2313 1805 2352 t.
1835 2316 1883 2353 9..
1945 2302 1983 2350 f.
2019 2313 2068 2366 5.

686 2374 862 2443 Engl.
888 2374 999 2423 boc.
1038 2381 1126 2438 24.
1166 2385 1202 2421 t.
1236 2372 1380 2433 1671.
1420 2376 1612 2437 optim.

549 2445 617 2492 A.
643 2444 955 2493 stolonifera
977 2440 1154 2490 Leers
1179 2439 1333 2489 herb.
1372 2458 1424 2506 p.
1448 2455 1529 2490 20.
1570 2452 1606 2489 t.
1630 2449 1680 2505 4.
1704 2441 1741 2489 f.
1776 2438 1826 2489 6.

478 2518 526 2564 β.
566 2514 843 2559 aristam:
888 2508 1128 2558 Sclzrad.
1166 2511 1203 2557 l.
1242 2526 1283 2557 c.
1338 2520 1379 2559 t.
1403 2520 1450 2571 5.
1491 2509 1528 2557 f.
1559 2527 1599 2557 1.

479 2579 617 2627 Hab.
648 2578 794 2640 juxta
824 2579 1019 2627 fluvios
1050 2580 1109 2626 in
1142 2578 1487 2626 subhumidis
1509 2577 1814 2625 nemorosis
1836 2589 1930 2639 per
1950 2589 2070 2639 par-

549 2658 666 2695 tem
711 2647 1028 2709 sylvaticam
1084 2647 1347 2693 omnium
1391 2646 1793 2710 Lapponiarum
1843 2645 2070 2690 svecica-

546 2731 678 2762 rum
706 2725 770 2761 ut
801 2716 970 2762 etiam
1002 2715 1059 2761 in
1095 2712 1430 2761 Nordlandia
1470 2714 1734 2779 vulgari33
1778 2710 1878 2760 nec
1907 2709 2065 2759 altius

544 2798 734 2831 versus
757 2782 898 2845 alpes
922 2796 1086 2846 quam
1109 2781 1273 2830 Abies
1299 2780 1588 2828 adscendit.

608 2850 847 2915 Ideoque
875 2852 1068 2914 nequit
1103 2865 1216 2898 esse
1247 2849 1490 2914 Agrostis
1520 2848 1659 2898 Flor.
1694 2848 1832 2912 lapp.
1889 2861 1947 2892 n.
1979 2850 2062 2907 45.

480 2932 603 2982 quae
629 2913 871 2966 Linneus
896 2921 955 2964 in
979 2917 1119 2965 Flor.
1145 2933 1284 2965 svec.
1311 2916 1391 2965 ed.
1423 2934 1464 2964 ι.
1492 2917 1746 2964 assumsit
1780 2917 1934 2977 atque
1966 2929 2064 2977 pro

478 2985 806 3050 extraalpina
864 2987 1133 3050 agnoscit,
1191 2984 1369 3032 addito
1419 2986 1715 3033 charactere
1770 2981 2066 3045 „panicula

479 3069 784 3117 compressa
820 3064 873 3101 et
907 3068 1118 3101 nomen
1150 3054 1425 3104 svecicum
1465 3053 1621 3101 Fa'lt-
1645 3047 1865 3106 hven'';
1939 3047 2063 3096 dein

475 3135 605 3168 vero
633 3122 817 3168 omisit
839 3130 891 3168 et
912 3124 996 3167 uti
1019 3121 1235 3169 videtur
1259 3136 1386 3167 cum
1418 3119 1548 3186 Agr.
1571 3110 1912 3185 scolonffera
1933 3131 2062 3163 con-

475 3186 656 3249 junxit
683 3204 858 3253 usque
883 3187 1020 3235 dum
1051 3188 1117 3248 ab
1146 3188 1450 3251 exemplare
1485 3190 1870 3250 heterogeneo,
1917 3182 2063 3246 quod

477 3255 770 3305 delineavit
792 3255 970 3303 Smith
1001 3255 1130 3319 Agr.
1161 3254 1454 3319 capillaris
1483 3258 1539 3303 in
1574 3256 1636 3302 ic.
1669 3252 1814 3301 ined.
1857 3252 2060 3299 iterum

475 3324 534 3371 in
557 3323 706 3387 Spec.
731 3324 1047 3389 plantarum
1082 3334 1324 3374 resumta
1357 3333 1463 3386 est,
1520 3321 1783 3385 adjunctis
1817 3320 2059 3368 nomini-
