2194 3893
469 202 731 254 ALGAE
784 200 1304 252 LicuENosAE.
1595 211 1713 266 411.

193 344 198 351 '
255 334 428 382 Totus
470 335 667 382 Lichen
707 333 988 398 aequabili-s
1027 344 1079 382 et
1115 334 1375 399 regularis
1423 344 1488 384 ut
1536 349 1720 399 neque

125 403 369 451 scutellae
403 403 851 466 supereminent,
891 403 1126 468 integras
1166 419 1325 468 rupes
1364 419 1429 451 ex
1467 414 1581 451 toto
1609 402 1719 452 fere

126 470 366 519 obducit.
439 471 687 519 Scutellae
713 471 777 518 de
803 482 977 519 cetero
1002 472 1246 519 minores
1275 482 1327 520 et
1358 474 1545 520 minus
1586 487 1716 520 con·
1794 498 1801 510 =

124 540 328 604 spicuae
364 556 530 604 quam
562 539 949 604 praecedentis,
989 541 1236 604 margine
1273 543 1523 589 tenuiore
1553 556 1720 604 supra

125 620 363 656 crustam
402 610 494 656 vix
526 608 753 658 elevato.
837 606 1003 656 Color
1047 618 1241 656 crustae
1274 606 1511 670 junioris
1543 610 1719 674 magis

129 675 398 725 fuscescit.
1500 736 1503 738 .

221 744 448 793 Nullam
469 744 636 808 hujus
662 743 779 793 vidi
803 744 1151 803 varietatem,
1191 759 1314 809 quae
1340 759 1440 794 nec
1479 745 1718 793 minime

125 808 439 862 Liclcenem
465 813 783 880 simplicem
809 810 1026 861 Davies
1058 812 1236 861 refert.

57 911 174 965 757.
223 901 486 950 L1CHEN
528 898 1034 967 acrosulplzureus:
1089 911 1264 948 crusta
1313 910 1534 949 tartarea
1566 901 1719 950 vinae-

264 971 470 1036 quabili
507 971 791 1036 glebuloso
823 999 845 1008 -
880 979 1180 1017 coacervata
1218 969 1419 1034 pallide
1458 968 1722 1028 sulfurea,

256 1039 494 1088 scutellis
523 1039 957 1088 convexiusculis
986 1054 1012 1084 a
1036 1048 1213 1090 crusta
1236 1039 1554 1102 marginatis
1580 1048 1717 1086 ater-

269 1123 442 1156 nm1s.

123 1175 260 1225 Hah.
295 1177 354 1223 in
389 1177 553 1240 petris
594 1176 848 1224 arenariis
882 1175 1038 1224 siccis
1090 1173 1290 1223 insulae
1317 1174 1559 1223 ›Maasoae
1591 1172 1722 1223 Fin-

191 1245 416 1293 markiae
441 1246 669 1309 copiose.

254 1312 502 1360 Scutellae
530 1329 687 1378 supra
714 1322 949 1361 crustam
971 1310 1116 1358 haud
1140 1310 1386 1369 elevatae,
1411 1309 1504 1359 sed
1529 1310 1717 1359 omni-

120 1396 196 1429 no
222 1381 612 1445 superficiales,
651 1382 752 1430 sub
780 1382 955 1446 prima
980 1379 1214 1427 infantia
1242 1394 1266 1426 a
1307 1389 1483 1428 crusta
1511 1380 1720 1443 margi-

122 1462 300 1508 natae‚
340 1451 584 1514 quivero
609 1465 797 1514 margo
835 1449 938 1496 cito
979 1447 1088 1496 fere
1116 1447 1434 1495 occultatur.
1509 1446 1720 1515 Quam-

122 1534 289 1583 quam
323 1518 470 1566 color
503 1518 859 1566 scutellarum
896 1517 1220 1576 aterrimus,
1259 1526 1446 1564 tamen
1483 1515 1720 1562 durioris

122 1586 447 1635 substantiae
483 1587 625 1633 haud
653 1595 813 1642 sunt,
852 1600 1048 1633 verum
1081 1585 1234 1631 intus
1269 1598 1402 1630 mox
1423 1584 1721 1639 virescunt,

120 1666 185 1703 ut
209 1655 359 1704 color
380 1665 491 1703 ater
525 1655 754 1702 nonnisi
787 1655 863 1711 in
884 1653 1167 1717 superficie
1202 1651 1352 1700 sedet
1385 1652 1622 1699 omnino
1658 1661 1723 1698 ut

120 1724 179 1772 in
206 1724 474 1788 sequenti.
549 1721 739 1770 Crusta
764 1722 935 1786 magis
962 1731 1184 1768 tartarea
1219 1735 1386 1768 crassa
1428 1730 1479 1768 et
1513 1734 1720 1767 coacer-

119 1802 239 1840 vata
264 1807 432 1857 quam
455 1792 512 1838 in
540 1787 815 1849 affinibus,
833 1789 1092 1853 facileque
1118 1790 1177 1836 in
1197 1787 1452 1836 frustulas
1470 1787 1721 1835 solvitur.

53 1888 165 1945 758.
206 1878 471 1929 LICHEN
497 1875 918 1943 tephromelas:
941 1888 1117 1926 crusta
1145 1875 1403 1940 inaequali
1431 1890 1719 1923 verrucosa

251 1951 371 1997 cine
383 1959 654 2008 miscente,
710 1947 948 1996 scutellis
996 1945 1228 1995 demum
1274 1943 1717 1992 convexit-sculis

250 2019 374 2065 atris
388 2018 636 2082 margine
662 2017 869 2065 elevato
895 2014 1037 2063 albo.

190 2087 248 2135 L.
277 2084 641 2150 tep'hromelas
680 2082 862 2132 Elzrlz.
911 2109 978 2118 —
1024 2079 1248 2131 Achar.
1270 2075 1483 2146 prodr.⁴
1505 2096 1558 2145 p.
1584 2076 1667 2139 67.

188 2154 459 2203 Parmelia
492 2164 602 2200 atra
638 2150 861 2201 Aclzar.
889 2149 1062 2200 meclz.
1095 2167 1147 2215 p.
1180 2157 1289 2212 ¹54·

191 2224 463 2271 Lecanora
490 2232 597 2268 atra
635 2219 858 2269 Achar.
884 2219 1014 2269 [ich.
1044 2220 1193 2267 univ.
1228 2235 1280 2283 p.
1307 2222 1425 2279 544.

188 2293 247 2341 L.
283 2302 392 2339 ater
430 2287 697 2338 Hudson.
737 2287 890 2358 angl.
929 2300 1030 2352 550
1123 2284 1309 2355 Ligtf.
1345 2295 1482 2333 scoc.
1517 2301 1570 2349 p.
1603 2290 1721 2346 8¹5·

324 2356 496 2425 Engl.
523 2356 636 2407 boc.
668 2366 745 2422 14.
773 2371 807 2406 t.
835 2367 951 2422 949.
1027 2351 1252 2424 Iloffm.
1281 2371 1368 2403 etz.
1397 2351 1526 2401 liclz.
1556 2369 1608 2417 p.
1637 2363 1721 2414 55.

327 2439 364 2476 t.
432 2462 442 2474 .
474 2426 509 2473 f.

119 2497 256 2548 Hah.
292 2497 351 2543 in
389 2434 662 2559 sspidssbus
699 2504 752 2542 et
786 2494 922 2541 saxis
959 2489 1346 2557 campestribus
1371 2487 1725 2538 Nordlandiae

190 2576 245 2614 et
270 2564 598 2612 Finmarkiae
619 2562 964 2625 inferalpinae
991 2561 1098 2608 fere
1124 2560 1328 2622 ubique
1348 2559 1576 2621 parcius.

256 2632 424 2681 Color
449 2631 804 2679 scutellarum
829 2630 1000 2677 nitido
1017 2657 1040 2668 -
1055 2629 1364 2676 aterrimus.

54 2732 170 2790 ¹759.
209 2719 474 2770 LICHEN
496 2714 867 2785 argoplzolis:
905 2712 1600 2781 squamaceo-glebulosus
1626 2713 1721 2760 lae-

256 2792 471 2855 vigatus
530 2786 1013 2852 subcartilagineus
1067 2785 1397 2849 pallescens,
1480 2782 1723 2829 scutellis

257 2856 591 2907 fusco-atris
639 2865 793 2903 acute
839 2854 1159 2918 marginatis
1205 2851 1499 2901 urceolatis
1531 2850 1726 2898 nitidis

189 2927 801 3058 Pa‘iiffefillitasargopholis
849 2984 946 3040 W
934 2986 1158 3038 ablenb.
1191 2989 1253 3038 in
1286 2984 1514 3067 Achar.
1551 2983 1723 3034 meclz.

333 3059 522 3127 suppl.
547 3077 599 3125 p.
630 3070 714 3122 59..

194 3134 464 3182 Lecanora
491 3127 804 3194 argopholis
843 3122 1067 3174 Achar.
1094 3122 1224 3176 lich.
1254 3126 1403 3174 univ.
1425 3142 1475 3190 p»
1504 3122 1621 3194 546.

126 3202 265 3253 Hab.
302 3202 362 3249 in
413 3197 644 3263 rupibus
684 3196 916 3261 irrigatis
954 3195 1233 3244 umbrosis
1270 3211 1367 3267 per
1402 3195 1602 3244 radices
1649 3191 1741 3241 al..-

194 3271 356 3336 pium
380 3267 705 3318 Finmarkiae
730 3265 939 3331 passim
962 3264 1193 3328 copiose.
