2194 3893
1298 69 1311 90 t

406 251 602 288 xxv-111
878 224 1580 285 INTRODUCTIO.

406 362 670 423 Ballardi
684 361 796 413 All.
812 373 908 413 ete.
925 364 1163 412 Instante
1175 362 1285 424 iam
1298 372 1568 410 autumno
1584 359 1852 410 domicilia
1865 361 1921 408 in
1938 360 2050 425 lap-

403 438 567 503 ponia
593 435 794 483 svecica
824 448 1060 497 quaerere
1080 442 1290 480 coactus
1319 447 1473 488 sum,
1512 440 1564 477 et
1586 430 1844 478 Valli-vare
1875 445 2048 477 trans-

401 504 664 553 scendens
697 499 1088 568 adQuickjock
1120 514 1362 547 reversus
1409 513 1536 545 sum
1582 497 1630 544 d.
1674 512 1753 546 21.
1786 498 2045 563 Augusti.

400 573 538 622 Mox
580 585 707 618 vero
743 569 806 615 ad
839 570 1175 633 Lapponiam
1197 567 1473 614 Pitensem
1511 567 1691 620 transii
1727 577 1778 613 et
1812 566 1876 612 ad
1908 576 2049 612 tem-

400 641 562 706 plum
594 637 848 701 Arjeplog
874 637 922 684 d.
961 644 1042 696 28.
1069 634 1304 697 Augusti
1331 650 1502 697 usque
1540 633 1605 680 ad
1635 641 1683 695 4.
1718 632 2048 698 Septembris

402 711 673 773 praecipue
714 705 907 752 Salices
954 716 1004 752 et
1047 704 1252 768 plantas
1297 704 1557 766 aquaticas
1604 703 1852 765 quaesivi:
1921 699 2049 748 dein

403 776 679 841 templum
706 773 968 821 Lofmock
990 772 1120 830 vidi,
1156 769 1558 834 adjacentesque
1581 770 1721 834 alpes
1745 769 2052 827 Peliekaise,

401 844 767 894 Ribnitskaise
803 852 896 888 etc.
937 840 984 887 d.
1026 849 1073 901 5.
1129 850 1180 887 et
1218 837 1265 884 6.
1314 837 1643 902 Septembris
1687 846 2048 902 perscrutatus

405 929 561 966 sum3
618 922 671 958 et
707 911 938 972 denique
985 918 1128 955 trans
1164 904 1463 967 Tjiikelvafs
1507 907 1635 954 nive
1673 904 1784 967 jam
1827 904 2049 953 cadente

406 978 708 1048 Quickiock
741 978 981 1041 repetivi.
1084 975 1419 1022 Perlustratis
1461 975 1664 1022 iterum
1692 973 1806 1034 eius
1838 973 2049 1036 alpibus

400 1048 512 1111 jam
547 1049 672 1094 nive
705 1043 1014 1092 autumnali
1052 1043 1159 1090 fere
1190 1044 1338 1090 tectis
1376 1041 1424 1089 d.
1449 1057 1568 1106 9—-
1595 1055 1665 1090 22.
1691 1040 2046 1105 Septembris,

402 1117 643 1180 alpinam
674 1115 957 1178 regionem
988 1112 1227 1160 deserere
1265 1121 1472 1157 coactus
1509 1127 1664 1168 sum,
1715 1121 1766 1157 et
1802 1109 2046 1156 fluminis

398 1184 649 1232 Lulensis
672 1192 893 1229 cursum
924 1195 1153 1244 sequens
1179 1180 1514 1243 Lapponiam
1551 1179 1598 1225 d.
1637 1190 1715 1239 25.
1744 1175 2047 1242 Septernbr.

399 1266 641 1317 egressus
691 1265 815 1297 sum
844 1260 967 1312 post
1004 1248 1289 1296 niensium
1321 1249 1562 1311 quinque
1596 1248 1734 1293 intra
1757 1245 2050 1309 Lapponiae

398 1321 531 1368 fines
567 1321 681 1367 iter.
719 1342 786 1350 ——
822 1319 883 1364 ln
918 1317 1019 1364 hoc
1051 1318 1243 1363 itinere
1279 1316 1422 1379 alpes
1454 1314 1774 1379 perlustrare
1797 1313 1941 1360 mihi
1965 1327 2047 1358 sa-

400 1389 466 1435 tis
494 1387 716 1450 contigit
739 1396 790 1432 et
810 1381 1006 1431 Linne'i
1028 1385 1235 1448 plantas
1259 1384 1456 1448 alpinas
1483 1384 1821 1437 resuscitare,
1869 1379 1959 1427 sed
1982 1378 2048 1426 cle

395 1455 595 1521 plantis
628 1453 891 1517 sylvaticis
934 1452 1093 1499 dubia
1127 1453 1271 1498 varia
1306 1451 1478 1498 adhuc
1512 1460 1864 1505 manserunt,
1903 1445 2047 1511 quod
2119 1451 2129 1454 “

399 1535 555 1571 antea
605 1522 918 1584 sylvaticain
961 1521 1244 1584 regionem
1283 1520 1480 1567 ultimo
1520 1530 1737 1564 tantum
1774 1527 2044 1563 autumno

394 1591 484 1639 vel
519 1591 699 1655 primo
740 1603 862 1637 vere
895 1602 1316 1652 peragraveram.
1391 1585 1582 1651 Optavi
1625 1587 1801 1648 itaque
1838 1585 2045 1647 Lappo-

394 1660 550 1707 niam
586 1657 897 1719 sylvaticam
939 1671 1167 1720 eamque
1212 1656 1448 1703 maxime
1493 1652 1909 1702 meridionalem
1956 1651 2044 1698 iti·
2111 1686 2114 1689 -

394 1743 524 1775 :nere
548 1725 773 1774 aestivali
799 1739 1099 1788 peragrare,
1149 1725 1419 1788 praecipue
1452 1734 1514 1770 ut
1550 1723 1810 1769 terminos
1840 1720 2046 1784 planta-

395 1811 524 1849 rum
547 1793 877 1842 svecicarum
899 1792 1208 1857 indagarem
1227 1825 1242 1850 ,
1290 1791 1550 1838 Lichenes
1584 1804 1913 1852 muscosque
1938 1786 2046 1850 syl-

396 1863 598 1911 vaticos
645 1863 706 1908 in
754 1860 1028 1923 Lapponia
1076 1859 1250 1906 adhuc
1295 1875 1411 1907 non
1448 1869 1683 1922 repertos
1724 1871 2044 1921 quaererem,

396 1941 451 1979 et
485 1931 709 1993 insuper
745 1929 1110 1993 experimenta
1150 1928 1280 1974 circa
1322 1928 1647 1990 temperiem
1683 1936 1836 1972 terrae
1884 1925 2042 1970 insti-

397 2008 623 2047 tuerem.
681 1996 746 2044 R.
767 1995 1058 2043 Academia
1083 1995 1444 2042 Scientiarum
1471 2009 1625 2041 svasu
1653 1991 1760 2041 Cel.
1785 1989 2044 2039 Swarczii

394 2066 520 2114 huic
555 2065 833 2131 proposito
873 2079 988 2111 non
1027 2074 1245 2110 tantum
1282 2063 1499 2120 innuit,
1537 2077 1732 2109 verum
1758 2063 1920 2108 etiam
1945 2061 2041 2108 sti-

393 2133 597 2201 pendio
633 2133 847 2198 largiori
883 2147 975 2180 me
1013 2131 1250 2178 donavit.
1327 2129 1525 2197 Quarta
1563 2131 1729 2194 igitur
1765 2131 1882 2176 vice

529 2198 699 2248 Anno
753 2207 880 2260 ¹8¹0
928 2200 1264 2263 Lapponiam
1313 2200 1510 2245 intravi
1557 2209 1608 2246 et
1646 2197 1868 2261 quidem
1908 2197 2040 2260 Lap-
2085 2215 2091 2222 ·

389 2271 616 2337 poniam
651 2269 956 2317 Umensem
993 2266 1042 2313 d.
1078 2273 1126 2326 8.
1164 2267 1293 2314 Iulii
1329 2268 1584 2325 salutavi,
1633 2266 1694 2312 ad
1733 2264 2044 2327 Lycksela'm

389 2353 525 2386 mox
558 2337 898 2402 perveniens.
969 2334 1051 2383 Ibi
1087 2336 1135 2382 d.
1175 2340 1294 2393 8—
1323 2346 1397 2397 15.
1436 2335 1560 2381 Julii
1599 2332 1794 2398 degens
1832 2332 2042 2395 plantas

392 2407 666 2469 sylvaticas
726 2404 949 2469 quaesivi
1008 2413 1060 2451 et
1127 2399 1374 2451 Salicem
1443 2398 1793 2469 versifoliam
1850 2400 2038 2448 detexi.

391 2475 536 2522 Dein
573 2473 709 2521 ultra
746 2472 976 2519 Faltra'sk
1012 2483 1065 2519 et
1101 2471 1352 2520 Gransele
1390 2470 1737 2536 progrec'tiens
1771 2468 2041 2516 Sorselam

394 2542 443 2589 d.
489 2546 564 2598 18.
602 2541 728 2587 Iulii
777 2539 915 2596 vidi,
965 2548 1016 2586 et
1064 2550 1207 2587 trans
1255 2540 1442 2587 lacum
1488 2537 1923 2586 Stora-Vindeln
1972 2535 2039 2584 ad

393 2607 690 2658 Gillesnole
728 2614 780 2655 et
825 2606 1004 2670 alpem
1040 2605 1298 2654 Givorten
1344 2607 1580 2671 perveni.
1663 2606 1773 2652 Hac
1820 2605 1936 2669 alpe
1983 2605 2036 2653 d.

388 2690 473 2728 22.
499 2676 642 2724 'Julii
676 2677 990 2738 investigata
1029 2674 1093 2721 ad
1129 2675 1398 2723 Sorselam
1435 2684 1486 2722 et
1511 2673 1820 2735 LyckSelam
1857 2689 2036 2722 rever-

390 2760 482 2793 sus
508 2758 661 2807 sum3
699 2741 847 2790 unde
886 2742 934 2788 d.
973 2755 1052 2804 29.
1078 2743 1203 2790 Julii
1239 2768 1305 2776 -
1340 2756 1388 2790 2.
1425 2742 1661 2804 Augusti
1697 2742 1796 2788 iter
1834 2739 1931 2789 feci
1969 2740 2035 2788 ad

388 2813 409 2861 l
460 2828 572 2863 nm
611 2811 830 2859 Ortrask
875 2810 1140 2873 angulum
1187 2811 1446 2858 infimum
1492 2821 1544 2857 et
1588 2811 1829 2862 maxime
1870 2811 2034 2858 meri-

389 2879 671 2930 dijnalem
718 2879 881 2926 totius
927 2879 1217 2942 Lapponiae
1275 2888 1642 2941 occupantem.
1736 2876 2036 2941 Postquam

385 2948 462 2997 ibi
483 2962 659 3012 neque
686 2945 967 3014 AIyrz'cam
998 2943 1231 3005 Galem,
1268 2962 1445 3010 neque
1473 2943 1698 2993 Gallam
1718 2942 2034 3009 palustrem

388 3019 491 3066 etc,
528 3015 755 3079 reperire
790 3014 977 3078 potui,
1017 3015 1322 3077 Lyckselam
1362 3012 1534 3061 revidi
1571 3023 1622 3060 et
1656 3011 1704 3059 d.
1727 3019 1776 3073 4.
1798 3011 2035 3077 Augusti

388 3099 420 3134 e
464 3082 739 3147 Lapponia
787 3082 1031 3139 discessi,
1088 3082 1401 3145 plantarum
1447 3082 1709 3129 terminos
1746 3078 1806 3142 ⁴)
1861 3082 2029 3128 meri-

499 3235 551 3284 Ἷ
593 3232 705 3289 Quae
733 3231 785 3274 in
813 3230 904 3274 hoc
931 3230 1100 3274 itinere
1139 3231 1326 3274 institui
1368 3229 1682 3288 experimenta
1721 3229 1775 3274 de
1806 3231 2031 3289 temperie

386 3302 547 3342 δεῖτε,
593 3288 859 3350 plantarum
894 3287 1107 3333 terminis
1151 3300 1235 3331 etc.
1275 3288 1472 3345 exposui
1508 3287 1558 3329 iu
1591 3298 1784 3332 tractatu
1815 3289 1942 3333 Actis
1970 3289 2028 3331 R.
