2194 3893
469 236 584 291 258
1062 218 1510 274 MoNoEcIA.

531 354 777 418 Capsulae
826 351 1117 419 oblongae,
1193 354 1454 419 utrinque
1505 361 1794 404 attenuatae
1844 369 1973 405 cum
2024 370 2115 412 ore

528 423 928 488 pretuberante.
1199 464 1201 468 Α

658 487 999 554 Explicatio
1031 489 1240 548 iconis:
1296 504 1342 537 a.
1379 504 1603 556 gramen
1630 499 1812 539 totum
1833 490 2114 540 seminife-

526 574 671 606 rum.
745 558 794 605 b.
833 574 952 622 pars
980 559 1150 606 culmi
1175 558 1372 607 exsecti
1406 574 1585 624 magn.
1613 569 1750 606 auct.
1826 574 1866 617 c,
1906 561 2117 624 capsula

525 643 657 675 cum
692 642 917 691 squama
950 642 1045 674 sua
1081 642 1263 692 magn.
1301 636 1439 673 auct.
1513 625 1564 673 d.
1614 641 1837 691 squama
1869 629 2115 676 seorsim.

524 711 569 742 e.
610 694 823 760 capsula
845 696 1066 760 integra.
1139 694 1176 742 f.
1215 693 1428 759 capsula
1454 695 1804 743 transversim
1827 704 1982 743 secta.

455 802 574 859 441.
613 794 848 845 CAREX
879 795 1167 844 ustulata:
1216 796 1377 861 spicis
1415 795 1663 861 ovalibus
1697 794 1952 861 pendulis
1990 795 2117 844 sub-

660 867 1079 930 appr'oximatis,
1118 864 1342 912 bracteis
1389 864 1504 912 laxe
1551 863 1938 929 vaginantibus
1989 863 2116 911 sub-

662 933 926 997 aphyllis,
976 935 1214 997 squamis
1251 931 1575 980 acuminatis
1612 932 1822 995 capsula
1857 932 2118 980 breviori-

661 1000 794 1059 bus,
846 1002 1072 1061 capsulis
1113 996 1358 1044 ovalibus
1399 998 1723 1046 acuminatis
1763 998 2120 1064 planiusculis

668 1085 760 1116 ore
786 1065 1090 1113 bidentatis.
1260 1077 1266 1084 ·
1678 1118 1682 1121 ι

594 1134 654 1183 C.·
677 1133 913 1181 ustulata
953 1127 1049 1180 W
1037 1128 1262 1179 alzlenb.
1312 1142 1423 1179 acc.
1468 1128 1644 1184 holm.
1700 1139 1849 1196 1803.
1899 1151 1952 1199 p.
2006 1131 2117 1198 156.

745 1196 1026 1249 VViZlden.
1054 1215 1201 1263 spec.
1226 1208 1281 1261 4.
1304 1216 1358 1264 p.
1386 1210 1501 1263 293.
1642 1206 1646 1211 '

595 1267 655 1318 C.
683 1281 794 1317 atro
810 1298 832 1308 -
849 1268 994 1316 fusca
1016 1264 1273 1315 Sclalcztlzr
1293 1283 1409 1316 car.
1435 1284 1490 1316 n.
1515 1281 1599 1331 90.
1629 1267 1735 1316 tab.
1759 1269 1817 1316 Y.
1845 1268 1929 1335 fig.
1954 1273 2038 1327 82.

528 1338 663 1387 Hab.
700 1339 759 1385 in
797 1337 1005 1402 alpibus
1039 1336 1368 1384 Lulensibus
1407 1336 1730 1384 centralibus
1775 1338 1907 1385 circa
1936 1337 2118 1385 virih-

591 1405 740 1469 ianr,
779 1399 1080 1468 Sorjaisjaur
1104 1416 1189 1453 etc·
1231 1404 1361 1452 locis
1394 1403 1842 1469 tum‘uliginosis
1877 1421 1935 1453 ac
1969 1405 2117 1453 ferti-

593 1475 824 1522 lioribus
850 1474 1078 1538 irrigatis
1105 1472 1215 1521 fere
1239 1473 1446 1537 ubique
1479 1471 1816 1536 frequentem
1853 1489 1956 1522 nec
1990 1473 2118 1522 alibi

593 1543 683 1590 vel
711 1553 854 1590 extra
887 1542 1064 1606 alpem
1095 1543 1405 1607 Jegna·apo
1424 1556 1685 1605 *unquam
1709 1539 1839 1589 visa.

664 1611 901 1658 Gramen
939 1609 1094 1657 valde
1129 1608 1490 1665 memorabile
1529 1619 1634 1666 est;
1684 1619 1843 1673 atque
1875 1609 2006 1659 adeo
2034 1610 2116 1657 di-

527 1679 822 1737 stinctum,
862 1689 924 1726 ut
948 1677 1139 1725 dubito
1162 1679 1250 1725 cui
1273 1687 1586 1724 nostrarum
1609 1673 1766 1725 affine
1790 1679 1874 1725 sit.
1946 1678 2119 1726 Radix

529 1748 804 1812 caespitosa
843 1757 896 1794 et
931 1747 1023 1794 vix
1069 1744 1398 1794 stolonifera.
1480 1744 1629 1792 Folia
1675 1745 1957 1793 latiuscula
2004 1747 2117 1794 scil.
2175 1807 2183 1810 ι

525 1816 733 1863 lineam
769 1831 939 1862 unam
975 1830 1106 1862 cum
1140 1813 1365 1860 dimidia
1401 1813 1665 1860 diametro
1697 1813 1995 1878 aeQuantiQ
2044 1816 2116 1862 si-

524 1884 756 1948 mulque
779 1883 961 1931 brevia
985 1884 1076 1929 vix
1100 1881 1462 1946 bipollicaria,
1502 1891 1554 1928 et
1586 1881 1819 1945 rigidula
1849 1883 2116 1948 margini-

525 1951 626 1999 bus
662 1951 1021 1999 subrecurvis.
1108 1950 1343 1998 Culmus
1376 1950 1548 2013 magis
1585 1949 1814 1997 foliosus
1854 1966 2020 2015 quam
2055 1952 2145 2014 ὶιιι

524 2020 798 2085 plerisque
819 2019 1051 2078 caeteris,
1090 2020 1336 2077 strictus,
1375 2017 1801 2082 obtusangulus‚
1839 2016 1946 2067 Fere
1971 2034 2116 2066 sem-

523 2105 620 2152 per
658 2089 991 2153 spithamam
1023 2088 1179 2134 altus.
1266 2086 1499 2135 Bracteae
1536 2086 1922 2149 approximatae
1951 2088 2021 2133 ita
2056 2098 2118 2133 ut

523 2157 718 2221 vagina
741 2155 1008 2204 inferioris
1032 2155 1399 2203 'insertionem
1423 2154 1716 2218 superioris
1741 2153 1849 2201 fere
1870 2155 2113 2219 attingitJ

521 2226 735 2288 vaginae
760 2224 1079 2272 laxiusculae
1099 2234 1151 2272 et
1172 2238 1392 2272 sursum
1418 2222 1687 2286 ampliatae
1702 2222 2116 2287 ,⁸10ngitudine

522 2295 823 2357 spicarum3
872 2292 935 2339 ad
973 2298 1282 2357 aperturam
1327 2301 1733 2355 atropurpureae
1782 2291 1900 2337 sine
1942 2291 2115 2355 ligula

522 2371 798 2419 trunca-ta,
837 2362 895 2408 in
921 2363 1128 2426 apicem
1160 2359 1483 2408 subulatum
1516 2358 1857 2423 pedunculos
1893 2372 2114 2423 aequan-

519 2439 635 2477 tem
662 2439 970 2477 attenuatae.
1019 2429 1189 2494 Spicae
1216 2443 1409 2476 omnes
1437 2437 1488 2474 et
1513 2437 1640 2474 totae
1659 2437 2115 2491 purpureo-atrae,

520 2512 584 2543 ex
612 2500 758 2561 apice
783 2498 954 2544 culmi
979 2498 1261 2545 strictioris
1287 2494 1547 2561 pendulae
1572 2506 1624 2542 et
1652 2497 1763 2542 ictu
1790 2496 1966 2542 ventis
2007 2505 2112 2542 tre-

519 2565 794 2612 mulantes
812 2598 828 2622 ,
866 2565 1016 2613 unde
1042 2566 1159 2613 haec
1181 2566 1379 2631 species
1403 2565 1582 2628 primo
1607 2564 1815 2612 intuitu
1842 2579 1870 2610 e
1893 2562 2114 2626 longin-

520 2645 629 2694 quo
681 2630 1031 2694 dignoscitur.
1118 2633 1373 2691 Squamae
1417 2644 1575 2680 ovato
1603 2660 1624 2671 -
1653 2622 1937 2695 oblongae,
1988 2644 2113 2675 acu-

520 2700 780 2756 minatae,
833 2697 1061 2761 capsulis
1098 2711 1296 2759 parum
1334 2697 1604 2744 breviores
1638 2699 1729 2745 sed
1762 2699 1825 2743 iis
1865 2696 2114 2744 multum

521 2767 879 2832 angustiorem,
905 2776 1047 2812 atrae.
1089 2763 1333 2827 Capsulae
1361 2763 1491 2810 adeo
1517 2763 1693 2827 planae
1716 2774 1874 2826 atque
1897 2763 2113 2825 depres-

519 2850 593 2883 sae
618 2846 680 2882 ut
703 2833 907 2881 similes
947 2835 1090 2880 inter
1115 2831 1476 2894 Cariceslspic.
1504 2847 1634 2877 sexu
1671 2829 1938 2876 distinctis
1965 2831 2112 2878 haud

519 2905 793 2962 existunt,
833 2913 960 2949 atrae
986 2913 1039 2949 et
1064 2916 1249 2948 versus
1274 2898 1428 2946 basin
1466 2910 1684 2945 tantum
1715 2910 2110 2960 purpurascen-

518 2976 639 3031 tes„
683 2970 944 3034 Stigmata
969 2972 1134 3017 etiam
1157 2969 1617 3032 purpurascentia.
1684 2964 1837 3027 Spica
1870 2967 2110 3014 mascula

520 3036 722 3086 caeteris
761 3039 853 3084 vix
888 3039 1106 3086 tenuior
1140 3046 1192 3085 et
1224 3036 1552 3101 plerumque
1578 3034 1743 3081 etiam
1761 3033 2001 3096 pendula
2025 3052 2106 3083 re-

518 3108 744 3172 peritur.

451 3216 566 3270 442.
617 3207 852 3257 CAREX
885 3206 1208 3273 capillaris:
1254 3205 1414 3269 spicis
1456 3181 1769 3266 sparsifloris
1815 3201 2103 3268 subpauci-

652 3277 795 3325 floris
821 3278 984 3342 longe
1005 3273 1384 3339 pedunculatis
1406 3270 1617 3320 cernuis
1651 3268 2053 3320 subdistantibu
2063 3288 2106 3334 s,
