2194 3893
863 200 1133 255 Muscl.
1702 218 1810 269 551

311 333 366 384 F.
388 335 782 400 hygrometrica
812 331 1009 389 Hedm
1033 351 1180 400 spec.
1202 348 1438 401 musap.
1459 348 1568 396 172.
1606 333 1816 384 Swarcz

321 412 326 417 ‘
448 418 586 451 mus.
612 419 749 450 svec.
798 430 864 440 —
934 402 1243 453 I‘V‘alzlenlc.
1275 412 1384 452 act.
1416 402 1640 455 Scocklz.
1671 404 1816 464 1306.

447 488 500 535 p.
537 496 606 504 —
677 469 840 520 l'Veb.
868 485 923 521 ec
947 470 1122 521 Molar
1150 485 1328 539 crypt.
1354 491 1405 538 p.
1430 480 1548 536 578.

310 539 537 588 B'Inium
561 540 1022 604 hygrometricum
1042 538 1210 589 Lz'lm.
1236 558 1375 590 sveC.
1397 559 1453 590 n.
1475 554 1594 606 972.
1637 540 1817 589 Geor-

444 604 611 674 gjz'ss.
638 606 843 656 bal'kal.
868 627 919 674 p.
948 622 1064 674 239.

307 673 518 740 Bryum
567 677 899 743 bulbifornie
946 694 1173 728 aureum
1211 689 1306 728 etc.
1392 674 1597 726 Dillen
1642 694 1817 726 masc.

443 762 495 808 p.
517 752 632 805 4⁰7·
665 757 698 792 t.
721 758 803 806 52.
831 746 866 792 f.
894 756 971 808 75.

238 811 376 860 Hab.
403 813 465 858 ad
493 815 762 878 margines
789 815 1076 863 umbrosos
1104 815 1404 863 fluviorum
1429 825 1524 863 etc.
1557 830 1654 880 per
1682 815 1816 879 Lap-

305 883 534 945 poniam
556 883 827 930 rarissime
846 899 925 931 ex.
950 899 1025 948 gr.
1052 883 1115 930 ad
1131 884 1523 930 Kunnna-Eno
1547 894 1599 930 et
1623 881 1818 943 Idijoki

302 950 596 1013 Lapponiae
625 951 950 1009 Tornensis‚
980 967 1147 1016 prope
1169 951 1499 999 Wuollerim
1526 952 1818 1015 Lapponiae

303 1017 549 1067 Lulensis
566 1051 583 1078 ‚
621 1029 671 1067 et
692 1019 753 1065 ad
780 1019 1034 1086 Qualviig
1057 1020 1356 1085 Lyngensis
1381 1019 1748 1068 Nordlandiae.

748 1138 1228 1190 MNIUM.

221 1229 354 1272 Lirm.
370 1244 470 1283 gen.
484 1233 634 1286 plant.
665 1246 708 1273 n.
740 1255 795 1264 —
828 1231 970 1272 Hedw.
996 1246 1108 1284 spec.
1129 1246 1274 1275 muse.
1301 1249 1348 1291 p.
1373 1241 1469 1283 183.
1506 1219 1728 1288 fundam.
1750 1246 1786 1275 2.

916 1304 963 1346 P·
995 1298 1062 1344 94·

224 1360 828 1411 Fructificatio'nes
864 1362 1044 1411 dioicae
1081 1362 1397 1412 terminales:
1441 1362 1701 1412 sterilis
1742 1362 1812 1410 di-

331 1424 552 1472 scoidea.

227 1485 352 1550 Cap
368 1505 388 1534 s
404 1487 464 1533 ul
480 1506 525 1535 ae
601 1488 773 1535 Pei-is
791 1499 851 1535 to
869 1488 991 1535 miu
1007 1507 1054 1534 m
1099 1488 1329 1555 dupplex
1374 1489 1628 1537 conicum:
1676 1499 1812 1536 exte·

327 1549 431 1598 rius
467 1550 704 1599 dentibus
749 1552 967 1599 sedecim
1011 1552 1204 1599 acutis:
1249 1553 1463 1599 interius
1506 1552 1813 1599 membrana-

327 1626 500 1668 ceum,
533 1613 804 1676 plicatum,
850 1613 1174 1671 laciniatuin,
1207 1614 1405 1662 laciniis
1440 1615 1725 1663 latiusc'ulis
1762 1626 1814 1662 et

327 1676 655 1743 capillaribus
686 1677 1072 1725 alternantibus.
1143 1719 1149 1729 ,

158 1759 274 1827 619.
318 1763 568 1812 MNIUM
598 1761 927 1831 turgidum:
965 1765 1195 1812 surculis
1229 1763 1594 1813 erectiusculis
1629 1763 1812 1812 dicho-

359 1833 527 1880 tomis
545 1867 559 1892 ‚
600 1832 745 1880 foliis
771 1833 1019 1880 ovalibus
1045 1835 1291 1880 concavis
1319 1833 1617 1880 imbricatis
1634 1867 1650 1893 ,
1691 1850 1808 1898 cap·

359 1900 492 1948 sulis
517 1900 768 1965 oblongis
792 1903 1026 1949 cernuis.

275 1967 487 2030 Bryum
510 1967 682 2015 Liszn.
701 1967 854 2033 ἴαρρ.
883 1985 937 2015 n.
973 1967 1110 2032 405?
1147 1968 1328 2034 Hypn.
1355 1967 1680 2017 illecebram
1701 1964 1809 2016 [ΜΡ

288 2033 434 2083 Icotz
464 2035 567 2084 tab.
594 2048 765 2084 nostr.
793 2039 968 2085 XXIII.

223 2104 358 2153 Hab.
393 2106 450 2152 in
485 2106 821 2169 marginibus
859 2107 1142 2170 praeruptis
1179 2104 1414 2152 madidis
1438 2104 1502 2151 ad
1527 2121 1685 2159 rupes
1714 2121 1809 2170 per

289 2189 585 2221 suminuni
624 2174 835 2237 alpium
863 2173 1061 2239 jugum
1099 2184 1150 2221 et
1195 2176 1255 2220 in
1298 2174 1567 2220 radicibus
1598 2173 1808 2238 alpium

288 2241 639 2289 Nordlandiae
663 2245 865 2304 passim
892 2244 1105 2306 copiose
1140 2242 1347 2296 sterile;
1386 2258 1487 2288 nec
1508 2243 1615 2288 nisi
1641 2243 1805 2288 unico

288 2311 406 2357 loco
431 2310 494 2356 acl
518 2309 847 2371 Mandujaur
870 2310 1128 2372 Utsjokiae
1154 2309 1544 2373 capsuliferum
1580 2310 1803 2356 lectum.

350 2377 612 2441 Sequenti
640 2377 941 2425 admodum
963 2375 1119 2424 affine
1147 2393 1257 2424 esse
1281 2388 1543 2424 testantur
1560 2376 1806 2441 Cnpsulae

221 2448 449 2503 striatas,
509 2445 841 2492 dichotomia
903 2446 1282 2502 surculorum,
1341 2445 1496 2492 flores
1555 2446 1806 2504 masculi,

219 2514 368 2562 color
413 2524 464 2560 et
502 2524 708 2561 textura
747 2513 1011 2561 foliorum
1049 2514 1334 2576 isdemque
1381 2513 1615 2561 habitus.
1699 2513 1805 2562 Sed

221 2593 366 2629 tanta
393 2592 473 2629 est
499 2581 800 2629 differentia
822 2583 881 2628 in
909 2583 1074 2647 figura
1111 2582 1374 2628 foliorum
1407 2592 1459 2628 et
1491 2592 1801 2645 turgescen-

218 2652 289 2697 tia
317 2650 666 2698 surculorum
690 2661 751 2697 ut
776 2663 1008 2714 nequeat
1040 2666 1156 2697 non
1188 2651 1483 2697 certissime
1520 2650 1800 2714 distingui.

217 2719 433 2767 Surculi
466 2720 663 2783 saepius
698 2730 809 2764 tam
841 2719 995 2780 longi
1034 2729 1085 2766 et
1120 2718 1384 2782 implicati
1408 2728 1468 2763 ut
1492 2733 1588 2781 pro
1619 2720 1802 2782 Hypni

217 2786 504 2850 cujusdam
562 2787 846 2833 habentur.
928 2787 1074 2846 Folia
1120 2802 1301 2833 revera
1345 2785 1800 2846 coclileaeformia‚

217 2858 563 2921 integerrima
582 2889 596 2912 ‚
634 2870 805 2902 nervo
831 2856 985 2902 tenui
1005 2870 1267 2918 percursa.

344 2926 432 2971 An
464 2925 532 2970 sit
556 2923 763 2984 Bryum
788 2923 948 2969 Linn.
981 2925 1213 2996 11.Lapp.
1236 2939 1292 2970 n.
1315 2929 1434 2984 405.
1461 2920 1803 2983 dubitamus,

218 3008 396 3059 quum
418 2993 521 3039 hoc
546 2992 604 3038 in
632 2992 794 3054 sylvis
821 3003 1089 3039 cresceret.

347 3059 539 3108 Iconz's
590 3058 935 3124 explicatio:
1007 3059 1073 3107 A.
1131 3059 1355 3106 Muscus
1396 3058 1683 3120 capsulifer
1717 3075 1793 3107 m.

213 3140 325 3178 nat.
397 3128 457 3176 Β.
506 3126 757 3190 ejusdem
805 3143 935 3191 apex
983 3144 1112 3175 cum
1161 3127 1368 3191 capsula
1413 3128 1582 3174 sexies
1626 3136 1791 3176 aueta.

214 3196 276 3246 C.
328 3196 526 3244 folium
574 3211 890 3243 commune.
973 3197 1038 3244 D.
1099 3195 1490 3244 Peristomium
1543 3196 1791 3244 interius.

212 3266 272 3314 E.
311 3265 407 3315 flos
431 3264 707 3315 femineus
745 3262 1068 3314 denudatus.
1140 3264 1197 3312 F.
1233 3263 1500 3312 Sur-:usus
1531 3279 1662 3312 cuin
1692 3265 1790 3312 flo-
