2194 3893
647 190 1298 245 TETRADIDYMAE.
1689 208 1806 259 295

126 352 130 355 >
203 323 542 387 receptaculo
581 324 789 373 fructus
821 325 1210 390 longitudinali
1247 325 1504 373 oriuntur
1530 324 1684 389 plura
1719 342 1802 375 re-

201 394 466 455 ceptacula
507 397 785 441 seminum
823 410 914 441 seu
952 395 1192 458 partialis
1227 393 1527 451 filisormia,
1566 395 1800 457 capsulae

198 472 396 506 cavum
420 461 818 509 trabecularum
841 464 1011 509 instar
1036 462 1347 521 trajicientia
1371 463 1461 507 vix
1497 472 1678 509 tamen
1707 480 1799 526 pa-

196 527 318 573 rieti
355 529 604 577 interiori
640 531 831 587 adfixa;
881 544 1001 594 quae
1027 529 1504 594 longitudinaliter
1537 530 1798 594 disposita

196 593 662 659 dissepimentum
690 599 945 662 spurium
969 597 1382 662 quodammodo
1401 597 1663 644 referunt.
1701 599 1795 646 Se-

194 664 344 710 nlina
369 676 580 712 matura
610 678 662 714 et
692 665 954 714 elabentis
981 677 1245 714 crustacea
1270 675 1400 712 sunt
1422 675 1475 712 et
1499 664 1797 725 albissima,

194 729 264 777 ob
298 732 610 781 scabritiem
644 735 915 798 quandam
954 750 1163 791 osseam
1201 732 1457 790 stridula,
1509 735 1793 797 magnitu-

196 798 325 847 dine
347 803 630 848 seminum
654 803 937 864 Papaveris
955 837 970 861 ‚
1015 795 1078 849 e'x
1111 818 1226 849 uno
1251 801 1411 848 latere
1433 812 1615 848 notata
1643 817 1793 849 areo-

192 865 261 913 lis
310 870 476 916 ternis
525 870 944 934 triangularibus
991 886 1018 917 a
1050 871 1330 934 pressione
1366 879 1418 916 et
1451 871 1794 917 connexione

193 946 502 997 quaternata
548 940 833 985 seminum
874 938 1162 999 juniorum
1199 939 1355 993 ortis;
1407 938 1617 984 semina
1655 953 1792 1000 quo-

190 1019 297 1066 que
333 1002 547 1064 juniora
585 1022 800 1070 semper
832 1008 1052 1070 proprio
1089 1007 1217 1053 huic
1261 1004 1440 1052 ordini
1473 1006 1788 1052 characteri-

188 1072 322 1118 stico
359 1072 528 1119 modo
567 1076 927 1137 quaternatim
968 1085 1198 1121 connata
1232 1075 1404 1136 reperi
1430 1075 1569 1120 intra
1595 1084 1791 1120 testanl

154 1142 165 1145 ”
189 1153 552 1187 communem
608 1142 832 1190 inclusa.
933 1140 1203 1204 Capsuloe
1265 1139 1400 1188 alise
1439 1136 1789 1209 farinz'feroe

186 1207 620 1270 praecedentibus
667 1210 798 1257 adeo
839 1211 1143 1257 simillimae
1181 1220 1243 1255 ut
1286 1209 1439 1255 nulla
1488 1208 1791 1256 differentia

185 1286 433 1338 respectu
459 1275 652 1323 formae
688 1289 739 1324 et
775 1289 1000 1325 texturae
1035 1279 1267 1325 internae
1303 1278 1495 1324 existit.
1573 1277 1789 1323 Harmu

184 1340 356 1389 farina
402 1358 457 1390 re
511 1360 633 1390 vera
683 1346 957 1392 seminula
1008 1357 1087 1393 est
1133 1345 1440 1392 seminibus
1483 1342 1785 1402 nlaioribus

183 1409 610 1475 graniformibus
638 1412 778 1458 ultra
802 1414 1031 1477 vigecies
1070 1415 1347 1470 tenuiora,
1397 1412 1462 1459 de
1497 1423 1687 1459 caetero
1723 1413 1786 1458 in

183 1477 380 1545 tenella
409 1489 565 1526 aetate
591 1480 786 1526 eodem
811 1480 979 1527 modo
1018 1482 1381 1543 quaternatim
1414 1493 1641 1526 connata
1673 1480 1785 1544 pri-

180 1562 457 1610 mumque
481 1547 538 1593 in
571 1557 700 1594 testa
724 1549 1016 1594 communi
1038 1548 1246 1594 inclusa
1263 1581 1277 1605 ‚
1326 1557 1389 1593 ut
1411 1563 1525 1594 non
1549 1556 1785 1611 possunt

180 1630 299 1662 non
334 1613 584 1676 ejusdem
622 1614 820 1663 indolis
871 1632 985 1664 esse
1021 1632 1079 1662 ac
1122 1615 1395 1662 seminula
1441 1615 1785 1677 capsularum

186 1682 594 1730 fariniFerarum
619 1685 678 1730 in
704 1680 1048 1749 Lycopodio
1081 1678 1456 1749 selaginoide.
1497 1682 1608 1729 Nec
1629 1693 1784 1730 aetate

182 1767 208 1797 a
234 1750 542 1798 seminibus
567 1751 865 1813 majoribus
905 1751 1195 1810 differunt,
1246 1750 1472 1798 elabunt
1507 1751 1659 1797 enim
1691 1765 1782 1797 eo-

184 1818 312 1866 dem
342 1830 590 1882 tempore
615 1820 920 1883 eodemque
943 1820 1132 1866 mode.
1205 1819 1475 1883 Respectu
1500 1819 1636 1864 situs
1662 1833 1780 1880 cap-

183 1886 318 1933 sulae
355 1886 640 1950 graniferae
684 1891 917 1935 exterius
950 1890 1143 1952 positae
1180 1897 1341 1943 sunt,
1399 1897 1450 1932 et
1487 1884 1780 1932 sariniferae

171 1955 443 2009 -interius3
480 1954 571 2002 sed
593 1958 730 2002 intra
754 1957 845 2003 bas
869 1955 1109 2019 capsulas
1138 1953 1435 2001 fariniferas
1461 1954 1664 2000 iterum
1686 1951 1779 2000 ad-

181 2033 314 2071 sunt
342 2022 469 2069 folia
496 2038 623 2069 cum
659 2023 875 2071 tenellis
907 2023 1136 2088 capsulis
1173 2022 1457 2086 graniferis
1492 2023 1552 2068 in
1580 2020 1780 2084 quibus

182 2091 395 2139 semina
456 2106 573 2137 non
623 2101 843 2138 tantum
890 2093 1256 2155 quaternatim
1305 2100 1533 2137 connata
1579 2103 1779 2135 verum

180 2162 345 2215 etiam
373 2160 430 2204 in
458 2169 587 2205 testa
602 2160 890 2205 communi
915 2160 1141 2206 inclusa.
1214 2157 1411 2204 Adhuc
1437 2157 1610 2222 magis
1633 2157 1776 2202 inte-

179 2229 320 2275 riora
349 2241 536 2279 versus
562 2228 733 2290 reperi
758 2243 975 2291 quoque
1000 2225 1219 2274 tenellas
1257 2225 1497 2289 capsulas
1532 2222 1774 2271 fariniFe-

179 2311 290 2354 ras,
328 2293 491 2357 idque
514 2295 570 2344 in
598 2295 992 2357 speciminibus
1017 2294 1275 2340 maximis
1307 2308 1403 2356 per
1425 2292 1606 2357 plures
1630 2292 1774 2338 vices

179 2363 524 2410 alternantes.
601 2362 828 2410 Numne
864 2377 990 2409 vero
1026 2360 1310 2408 interdum
1336 2359 1566 2424 capsulae
1593 2360 1774 2422 grani-

178 2431 305 2479 ferae
330 2440 381 2477 et
405 2428 694 2477 fariniferae
730 2440 973 2495 respectu
1003 2431 1138 2477 situs
1177 2430 1322 2475 inter
1354 2444 1409 2476 se
1442 2428 1774 2485 miscuntur,

179 2495 396 2547 difficile
420 2509 498 2545 est
523 2509 764 2561 expertu.

312 2567 374 2613 In
409 2565 782 2629 profunditate
819 2565 1044 2613 lacuum
1097 2564 1391 2629 insigniori
1429 2561 1636 2626 ubique
1681 2576 1770 2609 oc-

181 2635 351 2684 currit
394 2633 539 2680 foliis
586 2645 696 2681 tam
739 2635 945 2698 longsss,
1003 2643 1067 2680 ut
1113 2644 1228 2680 tuto
1275 2631 1546 2679 contendo
1579 2630 1772 2678 15οὸῑὶ-

180 2703 308 2752 dem
345 2702 882 2750 coromandelianam
906 2717 934 2749 a
965 2711 1147 2749 nostra
1171 2701 1316 2748 haud
1341 2698 1569 2747 differre.

126 2806 129 2807 γ
310 2767 647 2835 Eoeplicczcio
675 2769 895 2829 Iconzsss:
932 2769 1130 2816 a.-folii
1159 2785 1279 2832 pars
1317 2767 1545 2815 inferior
1580 2780 1768 2829 capsu-

178 2840 294 2889 lam
315 2838 643 2904 graniferam
669 2839 878 2886 fovens.
960 2836 1022 2886 B.
1053 2837 1242 2885 eadem
1266 2833 1771 2900 perpenliculariter

182 2909 405 2956 dissecta
427 2922 455 2954 e
480 2906 639 2956 dorso
664 2907 728 2954 ad
752 2916 1023 2960 ventrem,
1058 2904 1358 2970 quadruplo
1384 2913 1550 2950 aucta.
1599 2900 1656 2949 C.
1682 2899 1767 2948 fo-

181 2977 324 3024 lium
348 2991 476 3022 cum
502 2975 714 3041 capsula
738 2973 1147 3022 horizontaliter
1169 2973 1408 3020 dissecta.
1492 2970 1542 3016 d.
1576 2983 1770 3017 semen

179 3043 536 3111 praecedentis
608 3042 855 3108 capsulae.
960 3042 1019 3089 E.
1081 3041 1233 3089 idem
1288 3040 1458 3087 decies
1523 3047 1766 3084 auctum.

182 3113 220 3161 f.
259 3128 380 3176 pars
418 3112 646 3160 inferior
678 3111 794 3159 folii
825 3109 1059 3173 junioris
1093 3120 1221 3157 cum
1254 3107 1465 3172 capsula
1505 3103 1773 3171 granifera

181 3180 403 3243 juniori.
443 3195 494 3242 g.
521 3179 708 3228 eadem
732 3178 1247 3243 perpendiculariter
1269 3176 1507 3225 dissecta.
1554 3174 1624 3223 H.
1649 3188 1769 3237 cap-

182 3248 298 3297 sula
340 3246 589 3310 ejusdem
622 3246 742 3299 folii
773 3257 985 3298 exemta
1015 3247 1185 3304 sexies
1219 3255 1387 3293 aucta.
1471 3244 1519 3301 J.
1560 3242 1773 3308 semina
