2194 3893
743 218 1089 275 DIOECIA.
1632 244 1749 297 259

83 349 205 407 471.
242 343 444 396 SALIX
468 348 703 400 lanata:
740 354 1080 417 germinibus
1115 354 1387 404 sessilibus
1430 365 1750 425 compressis

290 415 661 479 glaberrimis,
702 426 935 471 amentis
973 423 1246 471 sessilibus
1286 429 1750 480 aureo-hirsutis-

290 484 477 544 simis‚
517 487 661 536 foliis
700 491 943 539 ovalibus
974 491 1297 555 stubintegris
1324 493 1531 543 lanatis.

219 548 272 599 S.
310 551 484 602 lanata
520 553 690 605 Lina.
726 575 863 607 svec.
891 571 945 611 ιι.
969 566 1088 620 892.
1149 558 1382 623 lappotz.
1410 580 1464 610 n.
1490 563 1606 626 568.
1637 577 1672 614 t.
1699 579 1744 625 7.

356 621 393 668 f.
429 637 476 684 7.
517 636 568 672 et
606 637 638 673 t.
671 631 721 683 8.
760 626 795 674 f.
829 629 890 675 X.
963 624 1165 676 Pallas
1184 625 1339 678 sibir.
1367 631 1430 679 ic,
1455 649 1503 696 5.
1529 650 1579 698 p.
1606 636 1747 699 449?

358 687 645 757 Pallasfl.
674 711 807 743 ross.
836 708 883 743 2.
909 712 961 759 p.
988 693 1094 752 82?

146 760 194 807 β.
214 754 489 822 glabraca
505 780 520 807 :
559 763 705 809 foliis
728 764 1017 811 subnudiS.

214 825 266 872 S.
293 828 612 889 chrysantha
643 828 810 879 Valzl.
836 833 898 880 in
918 830 1072 880 flor.
1101 828 1237 880 dan.
1264 831 1313 880 6.
1341 844 1376 881 t.
1408 844 1554 897 1057.

146 906 195 944 Ὺ.
230 891 614 960 glandulosa:
654 899 800 948 foliis
827 898 1098 949 subnudis
1130 901 1741 967 glanduloso-dentatis
1770 907 1773 909 ’

282 963 718 1016 sublanceolatis.
1075 1001 1078 1003 -

178 1045 182 1048 ⁴
211 1024 355 1078 Icon
380 1034 480 1080 tab.
511 1047 680 1083 nostr.
710 1037 836 1084 XVI.
868 1036 952 1102 fig.
990 1053 1034 1084 1.

103 1134 106 1136 ,
142 1095 493 1162 Lapponibus
523 1101 959 1173 Velkes-sc'idga
983 1103 1052 1165 (i.
1077 1120 1119 1153 e.
1145 1104 1262 1153 alba
1287 1105 1469 1164 salix).

141 1163 278 1212 Hah.
315 1169 371 1214 in
418 1171 682 1220 radicibus
721 1174 1090 1237 superioribus
1134 1183 1186 1221 et
1222 1173 1478 1223 lateribus
1515 1175 1736 1224 inferio-

208 1233 361 1282 ribus
383 1238 593 1302 alpium
620 1242 881 1288 omnium
924 1243 1357 1305 Lapponicarum
1393 1253 1471 1291 sat
1499 1244 1735 1308 vulgaris

206 1317 341 1349 mox
363 1321 521 1369 supra
548 1318 598 1355 et
622 1310 764 1356 inter
787 1310 1010 1357 ultimas
1037 1309 1254 1358 Betulas
1277 1310 1486 1358 saliceta
1522 1312 1736 1375 quadri-

206 1370 416 1434 pedalia
437 1378 804 1433 constituen53
843 1376 931 1424 sed
958 1377 1169 1441 pumila
1194 1379 1252 1424 in
1277 1377 1488 1441 alpibus
1514 1380 1621 1436 alte>
1644 1380 1733 1427 ad-

204 1442 417 1488 scendit
442 1454 495 1490 et
521 1445 687 1490 etiam
709 1446 766 1491 in
795 1446 1087 1492 maritimis
1113 1450 1299 1492 versus
1331 1446 1576 1510 Nordcap
1610 1447 1731 1509 lonf

204 1506 327 1570 gius
351 1511 608 1573 perdurat
633 1528 798 1576 quam
823 1515 933 1577 ipsa
952 1510 1372 1579 δἀῖιᾷῑεςῖαιιεας
1411 1530 1512 1561 nec
1534 1531 1647 1562 non
1672 1518 1732 1563 in

204 1575 503 1642 subalpini·
529 1580 774 1628 humidis
801 1581 1077 1629 descendit
1099 1598 1177 1629 ex.
1205 1597 1280 1645 gr.
1306 1581 1367 1627 ad
1395 1583 1602 1629 exitum
1631 1583 1731 1630 flu-

201 1644 372 1692 minis
415 1647 623 1709 Utsjoki
660 1650 822 1713 Lapp.
863 1650 1185 1708 Kemensis,
1252 1647 1315 1694 acl
1353 1648 1732 1713 Saggat-trask

201 1710 497 1777 Lapponiae
534 1716 788 1764 Lulensis‘
823 1728 875 1765 et
912 1717 978 1765 acl
1015 1718 1199 1765 lacum
1234 1715 1386 1764 Stora
1411 1744 1434 1755 -
1463 1717 1730 1767 Vindelen

201 1779 498 1845 Lapponiae
529 1783 805 1832 Umensis.
1059 1841 1063 1844 ,
1372 1798 1386 1811 “

199 1865 247 1900 γ.
314 1851 373 1895 in
431 1852 754 1900 nemoribus
810 1852 1111 1915 subalpinis
1159 1860 1212 1898 et
1247 1851 1553 1910 {maritimis
1600 1853 1727 1901 Fin-

199 1918 423 1963 markiae
447 1920 644 1982 saepius
670 1919 899 1982 orgyalis
925 1920 1172 1966 occurrit.

261 1984 357 2032 Est
383 1984 928 2049 facilepulcherrima
955 1986 1098 2033 Salix
1128 1988 1187 2033 in
1207 1985 1400 2047 ,Svecia
1436 2003 1507 2035 ne
1549 1987 1728 2036 dicam

132 2052 192 2098 in
232 2062 347 2100 toto
385 2054 633 2121 mundo,
672 2053 835 2118 idque
873 2065 1119 2118 respectu
1158 2054 1268 2101 fere
1308 2057 1568 2102 omnium
1605 2074 1724 2121 par·

131 2121 295 2168 tium.
368 2122 476 2168 Juli
503 2123 652 2168 aurei
686 2133 739 2169 et
773 2124 972 2170 eximie
1007 2121 1356 2186 splendentes
1394 2125 1452 2169 in
1487 2127 1722 2173 summis

130 2189 356 2236 ramulis
388 2191 554 2254 positi
592 2190 849 2238 fruticem
883 2190 1186 2249 illustrant,
1239 2191 1432 2254 hisque
1464 2193 1726 2241 accedunt

128 2257 262 2305 folia
294 2256 512 2320 juniora
546 2274 608 2305 ex
644 2275 772 2306 auro
808 2269 1138 2323 argentoque
1173 2259 1448 2305 micantia.
1525 2259 1723 2324 Copio-

127 2327 268 2384 fflre
315 2326 482 2373 melle
531 2337 692 2388 scatet
739 2343 905 2390 quam
951 2327 1063 2373 ulla
1110 2326 1209 2373 alia
1257 2326 1429 2384 Salix,
1458 2358 1461 2366 ι
1489 2328 1621 2376 adeo
1660 2341 1722 2376 ut

127 2405 345 2442 amenta
374 2406 614 2442 truncata
641 2396 1018 2442 saccharinum
1045 2408 1292 2457 saporem
1320 2395 1377 2440 in
1403 2410 1493 2443 ore
1530 2397 1720 2456 edunt,

127 2473 180 2510 et
216 2464 344 2510 inde
391 2462 830 2526 frequentissime
869 2462 930 2509 ab
967 2463 1156 2525 apibus
1194 2462 1390 2526 alpinis
1428 2476 1719 2528 suguntur.

124 2532 168 2578 E
200 2531 474 2596 glandulis
515 2547 731 2595 quoque
769 2530 1118 2595 stipularibus
1159 2541 1210 2577 et
1240 2530 1520 2583 interdum
1558 2532 1719 2579 folia]-

123 2602 251 2647 rum
301 2615 525 2646 succum
562 2615 928 2663 gummosum
982 2598 1122 2662 edit,
1173 2602 1280 2661 quo
1330 2613 1720 2663 conspurcarur

121 2669 300 2716 charta
326 2671 387 2715 aci
413 2668 661 2732 plantam
689 2667 1062 2715 exsiccandam
1086 2666 1324 2724 adhibita
1363 2677 1425 2713 ut
1461 2669 1518 2713 in
1549 2668 1719 2716 Salice

123 2735 438 2801 pentandra.
525 2737 681 2783 T-ami
719 2736 1028 2800 ramulique
1066 2729 1274 2781 fruticis
1314 2750 1528 2798 semper
1564 2737 1718 2785 valde

123 2805 385 2861 torulosi‚
427 2804 637 2852 distorti
676 2815 727 2852 et
765 2805 951 2860 crassi;
998 2803 1255 2850 annotini
1291 2818 1508 2866 semper
1542 2804 1716 2868 pube-

121 2884 299 2922 scunt.
357 2874 501 2921 Folia
525 2883 771 2937 respectu
795 2871 1196 2935 magnitudinis
1223 2880 1274 2917 et
1295 2870 1511 2917 habitus
1535 2873 1714 2935 proxi-

119 2957 214 2990 me
237 2941 303 2988 ad
325 2941 376 2990 S.
404 2957 650 3006 caprcece
675 2940 964 3002 accedun&
989 2939 1317 3004 plerumque
1345 2939 1517 2985 ovalia
1543 2955 1716 3004 usque

121 3010 186 3058 ad
208 3010 548 3058 subrotunda
566 3045 581 3068 ‚
632 3024 773 3074 saepe
802 3008 1036 3073 oblonga
1062 3018 1113 3054 et
1136 3007 1418 3054 interdum
1445 3007 1505 3054 in
1529 3024 1637 3055 var.
1663 3025 1712 3061 γ.

121 3080 358 3126 omnino
380 3079 675 3126 lanceolata
715 3092 1050 3142 quiunquam
1089 3075 1187 3121 alia
1221 3073 1467 3136 ejusdem
1502 3074 1714 3141 fruticis

121 3147 402 3194 subovalia
461 3159 618 3203 sunt;
664 3157 912 3210 respectu
969 3143 1339 3207 pubescentiae
1385 3143 1715 3208 plerumque
1769 3186 1783 3200 ,

64 3224 67 3226 ’
119 3215 250 3263 adeo
274 3215 450 3263 lanata
472 3216 850 3281 reperiuntur,
875 3224 938 3260 ut
961 3212 1131 3260 nullae
1152 3210 1308 3261 v‘enae
1329 3211 1419 3259 vel
1440 3213 1713 3266 margines

120 3284 544 3349 oculispatent‚-
583 3281 867 3332 interdum
888 3297 1014 3330 vero
1043 3281 1278 3396 Ἠιιῃὶηο
1303 3278 1482 3345 glabra
1507 3270 1715 3328 etlunc
1770 3280 1781 3283 ‘⁷

319 3357 341 3384 κ’
1127 3362 1158 3396 Ω
