2194 3893
449 248 547 282 le
962 229 1536 282 JNTRODUCTIO.

453 362 624 425 prias;
660 361 732 406 ita
758 371 819 406 ut
848 363 1227 424 experimentis
1263 358 1327 407 de
1357 360 1498 407 varia
1531 362 1903 425 progressione
1929 362 2083 426 plan.-

454 437 632 474 tarum
658 430 713 474 in
737 429 897 476 variis
918 430 1068 477 terris
1096 428 1298 475 Facilius
1322 426 1384 474 ad
1408 427 1785 476 subtilissimas
1810 430 2082 476 modifica-

453 496 629 542 tiones
662 495 947 543 climatum
971 493 1376 562 'cognoscendas
1415 493 1707 555 ducamur,
1764 513 1928 561 quam
1974 497 2082 545 ulla

455 563 553 610 alia
577 562 857 610 methodo.

586 629 727 677 Illud
751 645 877 678 vero
901 630 1101 695 ubique
1122 630 1361 678 obtinere
1381 629 1619 690 videtur,
1667 631 2080 696 herbasprove-

452 698 571 745 nire
593 699 651 745 in
679 700 938 761 temperie
962 699 1187 745 aestivali
1216 699 1418 745 minori
1445 715 1609 771 quagn
1633 699 1871 762 arbores,
1911 711 1963 747 et
1989 699 2080 748 de-

452 764 659 812 fectum
683 767 868 813 caloris
893 762 1201 812 sufficientis
1228 765 1476 814 aestivalis
1502 766 1673 814 solam
1700 782 1812 815 esse
1845 781 2081 826 causam,

451 849 546 879 cur
570 833 778 880 arbores
802 833 945 880 haud
982 849 1132 896 aeque
1165 833 1489 881 adscendant
1526 835 1582 881 in
1619 834 1857 899 alpibus,
1919 834 2083 899 idque

451 902 567 947 sine
591 911 831 964 respectu
859 911 1154 948 ventorum
1175 901 1681 960 vehementiorum,
1721 902 1929 966 frigoris
1954 903 2081 964 hye-

449 968 608 1015 maiis
641 980 734 1014 etc.
787 967 965 1028 Hujus
991 969 1065 1015 rei
1092 968 1359 1016 indicium
1382 969 1615 1032 praebere
1638 970 1851 1018 videtur
1871 969 2082 1027 Betula,

452 1051 580 1081 cum
601 1036 655 1081 in
682 1034 946 1082 radicibus
974 1036 1181 1099 alpium
1205 1047 1445 1101 vegetare
1471 1037 1679 1085 desinit.
1750 1037 1944 1085 Incolae
1978 1038 2083 1101 ipsi

446 1104 682 1163 regionis
705 1102 1041 1166 inferalpinae
1069 1104 1382 1161 observant,
1420 1121 1534 1151 eam
1561 1116 1796 1153 aestatem
1839 1120 1949 1152 esse
1983 1104 2081 1152 bo·-

446 1185 607 1226 nam,
657 1186 781 1216 cum
816 1169 1136 1219 Betularum
1169 1187 1403 1237 gemmae
1437 1172 1563 1218 folia
1589 1174 1827 1237 quinque
1854 1183 2081 1236 ‚protru-

449 1237 611 1293 dunt3
652 1237 838 1301 frigida
862 1241 1012 1286 enim
1035 1251 1214 1287 aestate
1239 1241 1335 1287 tria
1364 1250 1577 1288 tantum
1605 1240 1726 1286 folia
1750 1240 1934 1288 edunt.
1994 1239 2083 1287 Ad

447 1305 655 1368 alpium
680 1316 865 1352 autem
888 1306 1045 1354 latera
1062 1341 1093 1365 ,-
1116 1308 1211 1353 ubi
1254 1324 1481 1356 crescere
1515 1307 1744 1366 desinit,
1794 1323 2082 1371 nunquam

446 1372 598 1436 plura
625 1389 789 1438 quam
822 1375 915 1420 tria
945 1374 1070 1421 folia
1106 1374 1399 1438 producere
1430 1386 1637 1439 potest,
1701 1375 1847 1423 unde
1885 1374 2083 1422 ramuli

444 1439 560 1500 ejus
584 1441 738 1487 valde
766 1442 984 1498 nodosi3
1023 1442 1178 1490 altius
1203 1459 1329 1490 vero
1354 1458 1424 1490 ne
1461 1459 1640 1490 unum
1673 1443 1894 1507 quidem
1928 1442 2083 1490 edere

443 1518 622 1571 potest
645 1509 874 1572 ideoque
900 1525 999 1556 nec
1036 1511 1263 1557 ulterius
1298 1510 1570 1575 progredi3
1618 1511 1721 1557 hoc
1751 1522 1932 1557 autem
1969 1510 2082 1557 fieri

442 1574 512 1621 ob
545 1576 814 1623 detectum
847 1576 1032 1623 caloris
1063 1573 1371 1625 sufficientis
1415 1588 1467 1625 et
1506 1579 1827 1641 neutiquam
1865 1588 2083 1642 propter

443 1642 614 1707 frigus
672 1643 949 1706 quoddam
1002 1643 1282 1692 destruens
1326 1645 1600 1707 hyemale,
1660 1645 1800 1691 haud
1848 1645 2084 1692 dubium

440 1711 584 1756 mihi
624 1725 738 1757 esse
782 1710 1014 1758 videtur.
1086 1708 1296 1758 Beculcz
1323 1727 1477 1759 nana
1512 1722 1727 1758 tantum
1764 1713 1857 1758 tria
1898 1712 2019 1759 folia
2051 1728 2082 1761 e

441 1777 653 1842 singula
677 1793 893 1843 gemma
915 1779 1239 1842 plerumque
1263 1780 1402 1837 edit,
1456 1790 1508 1826 et
1542 1780 1658 1826 haec
1687 1779 1843 1838 folia,
1893 1790 2081 1844 utpote

441 1861 600 1908 parva
618 1879 634 1903 ,
673 1847 842 1909 spatio
870 1849 1039 1892 trium
1062 1847 1147 1894 vel
1173 1858 1404 1911 quatuor
1434 1847 1840 1894 hebdomadum
1870 1848 2076 1911 perfici-

440 1923 642 1971 untur,
681 1912 847 1959 modo
875 1925 1232 1978 temperatura
1260 1917 1382 1962 satis
1422 1914 1584 1962 calida
1617 1915 1713 1973 sit,
1762 1915 1990 1980 ideoque
2022 1917 2079 1962 in

439 1981 639 2028 no<tris
678 1981 887 2044 alpibus
931 1983 1089 2029 altius
1144 1981 1465 2030 adscendere
1510 1992 1687 2045 potest
1730 1999 1893 2045 quam
1935 1983 2080 2030 ullus

441 2048 576 2094 alius
603 2048 921 2105 fruticulu83
960 2048 1050 2097 sed
1077 2051 1134 2095 in
1160 2049 1402 2096 Helvetia
1430 2065 1500 2097 ne
1520 2050 1663 2114 alpes
1693 2050 1914 2113 quidem
1939 2051 2080 2099 salu-

440 2125 543 2174 tat,
584 2117 703 2178 quia
728 2116 867 2163 calor
890 2118 1082 2165 aestatis
1107 2132 1222 2164 non
1251 2113 1462 2164 sufficit.

574 2184 690 2230 Tali
726 2185 933 2231 ratione
966 2187 1170 2248 optime
1203 2185 1447 2248 explicari
1483 2182 1753 2231 credimus
1790 2185 2081 2249 vegetatio-

437 2251 525 2298 nis
553 2246 864 2314 progressus
891 2267 1076 2299 versus
1103 2252 1260 2316 alpes.
1334 2251 1494 2314 Quod
1516 2263 1698 2298 autem
1734 2252 1850 2301 aliae
1883 2253 2081 2317 plantae

437 2319 496 2364 in
513 2317 734 2365 diversis
754 2321 901 2366 terris
924 2319 1054 2366 alios
1082 2321 1343 2366 terminos
1369 2319 1673 2376 observant,
1692 2330 1743 2366 et
1760 2321 1903 2382 quod
1936 2321 2080 2371 ordi-

435 2401 570 2432 nem
591 2387 812 2437 inter‘se
838 2387 1113 2433 diversum
1139 2397 1352 2435 servant
1375 2402 1452 2433 ex.
1475 2403 1549 2451 gr.
1575 2387 1629 2432 in
1657 2386 1864 2449 alpibus
1894 2388 2079 2452 lappo-

436 2455 570 2501 nicis
599 2455 730 2500 acin
756 2454 1029 2502 helveticis
1047 2470 1090 2502 e.
1118 2470 1155 2502 s.
1178 2471 1230 2518 p.
1257 2454 1310 2502 id
1335 2450 1468 2502 effici
1495 2453 1744 2501 videmus
1770 2456 1912 2502 varia
1939 2467 2079 2504 tem-

438 2523 608 2585 periei
642 2522 891 2568 aestivalis
927 2523 1341 2569 modificatione.
1429 2522 1506 2568 Eo
1539 2521 1729 2568 utilius
1768 2523 1867 2590 erit
1909 2525 2078 2571 varia·
2113 2562 2127 2565 -

437 2605 564 2635 rum
588 2589 896 2652 plantarum
931 2591 1194 2638 terminos
1231 2589 1539 2647 observare,
1587 2599 1776 2652 utpote
1814 2606 1929 2638 non
1967 2602 2080 2639 tam

439 2671 590 2703 vanae
615 2657 936 2703 curiositatis
962 2659 1405 2714 nutrimentum,
1445 2671 1605 2720 quam
1641 2657 1979 2722 principium
2013 2657 2078 2706 ad

440 2723 651 2771 climata
690 2725 827 2769 varia
863 2726 1067 2787 optime
1100 2723 1501 2788 cognoscenda,
1549 2725 1612 2770 ad
1657 2739 1822 2771 usum
1866 2726 2079 2790 generis

436 2791 684 2838 humani.
756 2790 1114 2855 Vegetationis
1151 2792 1352 2838 limites
1378 2792 1507 2837 varii
1546 2806 1818 2854 nusquam
1854 2793 1912 2839 in
1944 2795 2077 2856 Lap-

434 2859 601 2923 ponia
625 2859 818 2906 certius
843 2857 1215 2917 observantur,
1241 2875 1405 2922 quam
1428 2860 1484 2904 in
1501 2858 1661 2906 latere
1675 2861 1877 2907 svecico
1894 2871 1942 2908 et
1958 2862 2080 2924 qui-

437 2928 563 2976 dem
586 2928 858 2988 praecipue
881 2927 936 2972 in
963 2942 1021 2973 ea
1054 2928 1299 2989 regione,
1326 2926 1421 2974 ubi
1451 2935 1583 2973 terra
1607 2926 1806 2973 lentius
1843 2927 2080 2976 elevatur

436 3008 623 3057 versus
649 2993 810 3056 alpeS‚
837 2993 917 3039 uti
955 2995 1012 3040 in
1051 2994 1323 3057 Lapponia
1348 2994 1587 3040 tornensi
1612 2994 1879 3057 praecipue
1904 2997 1960 3042 in
1985 3010 2077 3060 pa-

435 3061 591 3108 roecia
616 3060 929 3107 Enontekis.
1004 3059 1192 3108 Credat
1231 3060 1408 3108 forsan
1445 3060 1669 3124 aliquis,
1718 3062 1886 3109 varias
1921 3063 2076 3126 plan-

435 3138 614 3193 tarum
643 3129 1038 3191 progressiones
1065 3128 1263 3174 melius
1290 3128 1559 3174 observari
1594 3127 1652 3174 in
1689 3127 1850 3175 latere
1876 3145 2077 3179 norve-

436 3197 551 3260 gico
585 3195 823 3257 alpium,
871 3194 968 3241 ubi
1005 3195 1162 3242 lutera
1209 3195 1592 3258 praeruptiora,
1640 3205 1691 3241 et
1729 3195 1825 3242 ubi
1850 3212 1961 3244 uno
1991 3196 2078 3246 die

432 3262 549 3311 roca
607 3261 855 3315 calidiora
909 3278 1038 3311 cum
1093 3261 1454 3328 frigidissimis
1500 3264 1791 3328 comparari
1832 3274 2078 3329 possunt)
