2194 3893
448 219 525 273 4ss
614 178 618 180 ’
916 257 919 258 f
1004 187 1547 258 TETRANDRIA.

386 390 390 396 ,
444 345 527 403 85.
566 335 842 387 GALIUM
877 333 1228 385 svaveolens:
1287 337 1433 385 foliis
1458 337 1603 385 senis
1629 336 1878 407 oblongis
1901 351 2095 391 reti-or.

641 424 768 456 sum
790 405 1016 469 hispidis
1034 438 1049 461 ,
1090 406 1237 453 caule
1258 416 1534 470 prostrato,
1547 406 1794 470 hispido,
1828 410 2091 459 fructibus

640 474 901 538 hispidis:
940 473 1065 537 pilis
1090 474 1379 521 uncinatis.

577 544 638 592 G.
664 544 936 591 triflorum
957 535 1242 588 Miclzczzcx
1280 557 1455 589 amer.
1501 558 1543 588 1.
1582 558 1634 606 pi
1660 534 1753 600 8οῙ
1811 537 2089 595 Wlldetz.

710 609 859 658 hore.
886 607 1060 657 berol.
1106 627 1147 657 1.
1187 609 1289 656 tab.
1315 608 1396 656 66.
1436 608 1709 667 (ramus).

505 680 640 728 Hab.
676 680 739 726 ad
773 695 929 742 rupes
961 677 1246 725 umbrosas
1282 678 1412 725 locis
1449 677 1799 725 subhumidis
1831 679 1889 727 ir.
1913 678 2090 728 Nord-

572 748 751 796 landia
778 746 1101 809 inseralpina
1127 761 1259 792 raro,
1333 746 1383 793 A
1418 762 1509 792 me
1543 747 1757 809 copiose
1789 747 1994 794 lectum
2023 749 2089 796 ad

567 833 773 881 pagum
789 814 922 861 Dale
948 815 1007 860 in
1029 813 1433 861 Sorfoldbotten
1459 813 1789 876 praefecturae
1815 815 2087 864 Saltensis.

632 882 1044 947 Magnitudine,
1085 882 1248 928 odore
1279 892 1331 928 et
1364 882 1527 944 figura
1562 881 1821 928 soliorum
1848 883 2087 946 Asperu-

500 954 613 1000 lam‘
639 949 945 999 odoratam
972 951 1096 996 satis
1132 949 1321 1006 refert5,
1358 959 1554 995 statura
1589 965 1784 996 verum
1819 951 1956 997 Galii
1991 963 2088 998 ro-

499 1016 841 1086 cundisolz'z‘,
901 1029 952 1066 et
993 1019 1265 1081 asperities
1300 1016 1439 1063 Galii
1484 1014 1756 1082 uliginosi
1788 1018 1874 1066 vel
1907 1021 2088 1083 potius

426 1126 428 1129 -
488 1087 810 1155 Ἀρανίηες.
883 1086 1037 1133 Adeo
1074 1084 1319 1149 undique
1341 1095 1640 1132 retrorsum
1667 1086 1970 1134 aculeatum
1991 1099 2091 1145 est,

493 1170 559 1205 ut
596 1159 762 1205 etiam
794 1154 959 1203 nudis
994 1154 1172 1218 digitis
1206 1154 1549 1217 pertinaciter
1584 1152 1833 1201 adhaeret.
1916 1155 2085 1202 Radix

493 1226 769 1290 perennis.
843 1220 1034 1268 Caules
1060 1222 1376 1278 numerosi,
1426 1236 1487 1269 ex
1521 1236 1631 1267 una
1664 1220 1835 1268 radice
1863 1221 2081 1269 fascicu-

490 1295 648 1340 latim
670 1292 813 1349 nati,
849 1289 1135 1354 longiscil.
1163 1288 1433 1352 bipedales
1473 1299 1525 1336 et
1560 1289 1735 1347 ultra,
1780 1288 1978 1337 flaccidi
2010 1293 2081 1338 ita

491 1374 556 1409 ut
587 1376 747 1425 supra
783 1373 1006 1423 gramen
1039 1358 1292 1422 prostrati
1333 1356 1540 1419 jacent,
1599 1360 1890 1422 tetragoni,
1938 1371 2080 1406 acut-

491 1430 713 1494 anguli,
749 1428 875 1492 pilis
903 1425 989 1473 vel
1013 1426 1190 1489 parvis
1228 1425 1422 1473 aculeis
1456 1435 1758 1473 retrorsum
1796 1427 1959 1474 versis
1986 1428 2076 1474 ad-

488 1498 727 1545 modum
750 1495 1072 1558 exasperati,
1110 1494 1382 1557 simplices
1409 1493 1496 1540 vel
1521 1492 1736 1541 inFerne
1758 1492 1969 1557 praediti
1995 1512 2074 1542 ra-

487 1566 659 1614 mulis
683 1565 868 1629 paucis
902 1562 1157 1609 brevibus
1192 1563 1339 1625 apice
1368 1560 1632 1608 floriferis.
1704 1561 1848 1609 Folia
1869 1577 2079 1627 semper

488 1650 645 1693 sena,
683 1636 741 1683 in
769 1630 1041 1679 verticillis
1071 1629 1396 1676 distantibus
1422 1629 1625 1693 posita,
1662 1629 1800 1676 ultr-a
1824 1630 2077 1694 pollicem

486 1703 651 1767 longa
685 1712 737 1749 et
776 1709 1007 1764 quatuor
1039 1699 1245 1745 circiter
1274 1698 1443 1744 lineas
1478 1696 1612 1755 lata,
1651 1697 1889 1762 oblongo
1914 1699 2073 1746 -lan-

489 1771 721 1828 ceolata,
771 1782 955 1825 acuta,
1004 1782 1133 1813 cum
1178 1766 1429 1812 acumine
1463 1764 1654 1823 molli,
1702 1767 1986 1814 uninervia
2020 1778 2073 1814 et

486 1838 784 1887 obsoletius
808 1850 1031 1895 venosa,
1066 1833 1314 1897 undique
1335 1833 1491 1880 laevia
1516 1833 1603 1880 sed
1630 1834 1969 1898 marginibus
1988 1837 2070 1899 pi-

483 1908 551 1954 lis
576 1905 762 1972 rigidis
788 1903 1003 1951 inferne
1025 1913 1324 1949 retrorsum
1349 1902 1517 1948 versis
1547 1912 1600 1949 et
1625 1901 1859 1949 crebrius
1884 1904 2068 1966 positis

481 1975 639 2023 valde
673 1973 1016 2020 adhaerentia.
1088 1969 1395 2017 Pedunculi
1428 1968 1697 2028 axillares‚
1742 1969 2067 2035 plerumque

479 2042 603 2090 bini
625 2058 653 2089 e
677 2040 894 2104 singulo
918 2037 1178 2086 verticillo
1202 2053 1296 2100 per
1323 2047 1493 2084 totam
1515 2037 1922 2101 longitudinem
1947 2055 2064 2086 cau-

477 2111 574 2169 lis,
632 2107 966 2158 breviusculi
1002 2106 1114 2154 scil.
1151 2105 1297 2152 foliis
1342 2104 1508 2168 duplo
1557 2105 1860 2169 longioreS,
1930 2106 2066 2154 nudi

477 2189 673 2245 praeter
705 2190 990 2241 squamam
1024 2173 1452 2230 involucralem,
1513 2173 1783 2236 simplices
1827 2183 1880 2222 et
1923 2175 2063 2239 apice

479 2242 646 2296 divisi
691 2247 752 2292 in
793 2255 897 2293 tres
940 2243 1149 2290 circiter
1193 2241 1483 2305 pediceilos
1526 2240 1806 2288 floriferos.
1890 2241 2061 2290 Flores

476 2312 780 2364 successive
805 2326 991 2359 versus
1014 2311 1223 2374 apicem
1247 2309 1411 2357 caulis
1441 2322 1843 2373 prorumpunt',
1881 2312 1952 2357 ita
1985 2320 2059 2355 ta-

475 2399 610 2432 men
631 2392 695 2430 ut
717 2380 878 2429 caulis
914 2394 1044 2444 apex
1075 2394 1289 2442 semper
1321 2377 1545 2424 foliosus
1572 2394 1673 2424 nec
1702 2376 2056 2425 floribundus.

477 2450 712 2500 Corollae
742 2449 977 2496 minutae
1010 2457 1073 2494 ut
1104 2449 1162 2493 in
1199 2442 1269 2493 G.
1308 2444 1626 2511 uliginoso,
1657 2445 2057 2509 -planiusculae‚

475 2520 639 2576 albae,
677 2514 1046 2583 germine-suo
1071 2514 1287 2578 hispido
1323 2513 1465 2560 haud
1490 2513 1791 2560 admodum
1813 2512 2055 2574 majores.

472 2586 757 2636 Pistillum
781 2585 1043 2650 germinis
1067 2583 1433 2646 longitudine.
1517 2581 1742 2628 Fructus
1775 2581 1897 2645 pilis
1929 2582 2054 2643 rigi-

473 2655 553 2702 dis
590 2654 864 2701 uncinatis
904 2651 1260 2717 longiusculis
1296 2649 1482 2697 nitidis
1524 2649 1770 2713 hispidus
1802 2658 1863 2696 ut
1901 2649 1957 2695 in
1993 2649 2058 2696 G.

472 2720 772 2789 Aparine,
815 2721 907 2769 sed
932 2721 995 2768 de
1023 2730 1211 2767 caetero
1234 2719 1437 2765 minor.

599 2790 682 2838 Ob
698 2789 1126 2838 suaveolentiam
1142 2803 1299 2834 suam
1313 2783 1742 2849 comparandum
1758 2783 1865 2832 sore
1880 2798 1937 2830 su
1947 2785 2052 2848 spi-

472 2876 562 2908 cor
598 2875 727 2907 cum
750 2856 1014 2922 Asperula
1046 2852 1326 2910 odoram
1375 2853 1528 2914 cujus
1563 2852 1689 2900 folia
1731 2851 1894 2915 duplo
1930 2851 2050 2898 lon-

470 2930 644 2992 giora,
681 2927 854 2991 magis
879 2924 1171 2972 lanceolata
1197 2923 1264 2970 ob
1287 2922 1554 2986 aequalem
1578 2920 1687 2981 fere
1711 2920 1951 2982 undique
1974 2919 2047 2965 la-

468 2995 798 3042 titudinem:
867 2992 1209 3058 marginibus
1271 2990 1486 3038 inferne
1548 2987 1803 3043 laevibus3
1842 2989 1845 2993 '
1882 2987 2045 3033 caulis

468 3074 704 3121 erectus,
770 3062 954 3119 laevis,
1022 3061 1344 3107 terminatus
1399 3055 1738 3121 pedunculis
1774 3051 2043 3117 pluribus,

467 3131 594 3178 dein
626 3133 827 3178 iterum
860 3131 1171 3192 iterumque
1196 3125 1553 3174 -fasciculatim
1588 3122 1800 3177 divisis3
1848 3121 2043 3169 corolla

462 3198 753 3247 manifeste
778 3197 1050 3254 tribulata,
1089 3198 1146 3242 in
1169 3195 1416 3260 germine
1439 3193 1659 3238 minuto
1695 3200 1822 3235 tunc
1854 3187 2040 3235 laeviu-

466 3266 618 3315 sculo
674 3267 871 3331 posita3
936 3263 1217 3312 Pistillum
1270 3261 1517 3327 germine
1573 3256 1739 3320 duplo
1793 3255 2040 3369 lofngius‘3

1860 3334 2040 3372 ructus
