2194 3893
780 216 853 272 M
874 231 1046 269 1:501.
1222 212 1225 215 ’
1626 224 1739 277 301

155 356 350 398 eorum
374 348 546 398 forma
577 350 836 398 vasculari
862 361 912 398 et
938 366 962 397 a
988 347 1270 413 praesentia
1306 359 1560 395 verarum
1595 359 1746 410 gem-

153 434 372 466 matum
388 435 467 467 ex.
485 420 783 484 gr.inBryo
810 419 1143 482 androgyno.
1181 415 1373 463 Forma
1398 430 1592 464 eorum
1620 427 1749 460 cum

159 488 388 550 capsulis
438 488 767 535 seminiferis
817 486 1038 551 analoga
1086 495 1136 533 et
1183 485 1466 548 praesentia
1511 479 1752 546 operculi

106 613 110 617 Δ
153 555 294 601 mihi
330 555 484 602 valde
520 556 793 617 probabile
827 554 976 612 facit,
1016 551 1160 617 quod
1196 553 1307 599 sint
1338 547 1749 615 quodammodo

153 623 380 686 capsulae
406 624 488 671 vel
518 623 721 670 fructus
748 633 1056 670 constanter
1080 621 1404 668 abortientes
1429 619 1544 666 sive
1568 619 1751 665 mino-

154 691 224 737 ris
249 693 458 754 generis
486 693 566 738 uti
593 691 822 755 capsulae
846 688 1136 738 fariniferae
1160 687 1300 752 apud
1314 684 1752 747 Tetradidymas:

157 769 208 805 et
232 761 355 806 inde
381 771 492 806 orta
516 771 594 806 est
620 775 812 807 eorum
839 758 1213 806 denominatio
1251 769 1411 819 supra
1447 753 1580 800 data.
1653 751 1752 799 Ni-

155 827 266 873 hilo
293 837 476 874 tamen
500 830 690 874 minus
727 829 850 874 satis
885 826 1122 890 persvasi
1157 838 1381 881 sumus,
1421 820 1569 886 quod
1601 835 1753 867 suiu-

154 895 236 940 mi
279 898 553 942 momenti
587 906 717 942 sunt
751 897 803 941 in
844 894 1046 941 muscis
1083 892 1421 955 systematice
1457 889 1753 953 disponen-

104 1006 120 1023 ‚
157 961 269 1019 dis,
309 974 497 1026 utpote
522 965 615 1027 qui
639 964 847 1010 habitui
873 974 925 1010 et
949 958 1194 1008 affinitati
1217 958 1451 1006 naturali
1488 971 1756 1020 generum

158 1031 366 1094 optime
392 1033 750 1078 conveniunt.
793 1032 895 1077 Eos
925 1046 952 1077 e
985 1029 1340 1092 dispositione
1363 1024 1582 1087 rejicere
1607 1023 1759 1072 idem

158 1108 239 1144 est
262 1113 320 1144 ac
346 1113 577 1145 omnem
600 1100 1092 1146 considerationem
1110 1092 1376 1143 affinitatis
1399 1091 1658 1141 naturalis
1678 1109 1760 1139 re-

154 1164 392 1230 pudiare.
432 1165 811 1214 Commodum
836 1181 1047 1229 semper
1072 1165 1171 1211 erit
1189 1161 1616 1210 omniBOtanico
1632 1176 1758 1207 mu-

156 1248 271 1280 scos
296 1235 631 1298 hypnoideos
658 1251 685 1280 a
711 1234 977 1296 bryoideis
1004 1232 1102 1280 sub
1129 1229 1540 1279 excursionibus
1566 1228 1759 1276 distin·

156 1316 350 1365 guere,
390 1319 484 1348 cur
505 1318 621 1349 non
649 1303 815 1349 etiam
843 1303 900 1348 in
927 1297 1255 1364 systemate?

86 1376 204 1432 551.
242 1367 646 1416 SPHAGNUM
673 1367 1085 1434 eapz'llaceum:
1125 1368 1270 1415 foliis
1292 1364 1606 1414 lanceolatis
1637 1379 1761 1411 acu-

291 1438 545 1495 minatis,
587 1438 818 1501 capsulis
858 1436 1248 1499 suboblongis,
1284 1435 1449 1482 ramis
1487 1431 1763 1480 filiformi·

291 1505 413 1552 bus.
485 1502 892 1561 chzrczfmusc.
924 1519 1063 1552 staec,
1102 1520 1154 1567 p.
1190 1510 1267 1562 ¹8·
1340 1497 1524 1549 Smiclz
1553 1497 1682 1547 bric.
1711 1510 1760 1562 5.

291 1589 345 1637 p.
372 1571 516 1634 1146.

224 1641 354 1705 Sph.
373 1640 759 1706 capillifolium
783 1637 1030 1707 Hedwig
1057 1654 1203 1705 spec.
1228 1656 1281 1703 p.
1306 1644 1390 1698 28.

226 1709 356 1774 Sph.
379 1711 618 1773 palustre
640 1718 685 1755 β.
743 1706 912 1757 Linn.
935 1724 1074 1756 svec.
1107 1724 1163 1755 n.
1189 1718 1306 1772 959.
1362 1699 1558 1754 Hedw.
1576 1697 1760 1773 fund.

256 1790 262 1794 ’
368 1788 403 1824 t.
429 1789 478 1840 5.
510 1777 544 1824 f.
576 1789 651 1839 ¹5·
683 1789 761 1840 ¹5·
1137 1820 1147 1827 ,

226 1844 358 1910 Sph.
382 1845 728 1893 acutifolium
754 1843 936 1894 Ehrh.
967 1840 1090 1893 dec,
1117 1869 1184 1878 —
1215 1842 1290 1893 W
1291 1839 1370 1890 eb.
1403 1853 1460 1890 ec
1485 1834 1659 1889 Molzr
1689 1852 1761 1885 cr.

365 1929 418 1977 P·
447 1923 526 1974 ‘75-

230 1980 359 2045 Sph.
382 1982 778 2029 intermedium
800 1976 1020 2049 Hoffm.
1044 1997 1225 2047 germ.
1251 1998 1302 2045 p.
1326 1992 1408 2028 22.

163 2054 210 2101 β.
250 2045 646 2113 cuspiclacum:
687 2051 828 2097 foliis
865 2061 1177 2097 attenuato·
1197 2044 1484 2111 cuspidatis
1510 2041 1766 2091 excurvis.

231 2115 360 2182 Sph.
390 2118 733 2179 cuspidatum
749 2115 929 2165 Elzrlz.
949 2114 1069 2164 dec.
1094 2143 1142 2151 -—
1163 2112 1327 2165 [Veh.
1346 2127 1402 2162 ec
1415 2108 1668 2173 lWolznp.
1685 2115 1768 2167 ζὴ.

367 2181 586 2233 Dillen.
637 2197 674 2232 t.
723 2198 802 2247 52.
844 2186 879 2232 f.
919 2200 966 2231 2.
1005 2184 1066 2231 Β.
1149 2177 1542 2251 Sclzwoegrz'clz.
1582 2173 1764 2241 suppl.

371 2270 610 2300 muscor.
645 2266 684 2300 Ι.
712 2271 764 2318 p.
796 2251 871 2301 16.
898 2264 930 2299 t.
956 2250 1005 2298 6.
1115 2304 1122 2315 ς

164 2321 298 2374 Hab.
325 2323 381 2368 in
408 2322 699 2385 paludibus
729 2333 781 2369 et
802 2320 1079 2385 paludosis
1114 2334 1210 2382 per
1242 2331 1436 2365 omnes
1470 2312 1773 2378 Lapponias

234 2389 512 2454 sylvaticas
541 2390 688 2437 Svec.
736 2392 1044 2453 frequenter
1075 2385 1202 2445 (vix
1232 2387 1362 2432 adeo
1393 2382 1772 2447 vulgatissimos

212 2453 292 2506 ‘ac
330 2460 389 2503 in
428 2457 611 2504 Svecia
651 2457 967 2519 sylvestri);
1015 2458 1073 2501 in
1113 2453 1453 2502 convallibus
1490 2449 1770 2515 paludosis

214 2526 430 2589 'alpinis
467 2526 671 2589 ubique
702 2527 910 2590 parcius
943 2539 1117 2587 usque
1154 2536 1343 2569 versus
1378 2518 1656 2583 Nordcap3
1712 2518 1773 2562 in

235 2595 473 2642 summis
510 2610 634 2641 vero
671 2593 880 2657 alpibus
919 2594 1014 2638 vix
1048 2591 1335 2641 invenitur
1366 2603 1468 2636 nec
1501 2587 1560 2634 in
1595 2583 1773 2632 Nord-

234 2662 416 2710 landia
442 2662 762 2726 inseralpina
788 2661 1092 2708 admodum
1112 2657 1351 2722 vulgare.

239 2737 282 2776 Β.
317 2731 418 2778 sub
444 2746 576 2794 aqua
601 2731 870 2793 paludum
889 2731 1109 2793 passim.

306 2798 631 2863 Apophysin
658 2798 1006 2863 calyptratam
1031 2794 1174 2843 haud
1198 2793 1448 2841 invenire
1470 2790 1651 2856 potui,
1683 2786 1778 2835 sed

175 2867 383 2934 capsula
412 2867 586 2931 quoad
615 2867 765 2913 basin
790 2867 1053 2929 diaphana
1091 2874 1169 2911 est
1205 2873 1257 2910 et
1290 2861 1572 2926 pallidior,
1611 2872 1779 2922 quam

169 2949 380 3004 partem
416 2934 832 3000 pellucidiorem
868 2935 1113 2998 plerique
1136 2946 1233 2996 pro
1264 2931 1550 2994 calyptrata
1574 2926 1778 2974 habue-

172 3017 319 3054 runt.
988 3043 991 3047 .
1056 3018 1059 3021 ·

308 3068 441 3138 Sph.
470 3065 838 3134 cuspidacum
862 3084 888 3115 a
913 3068 1033 3115 loco
1059 3081 1262 3131 aquoso
1289 3075 1510 3122 tantum
1533 3062 1673 3110 orire
1694 3061 1779 3108 vi-

176 3142 360 3198 detur;
399 3139 490 3186 sed
522 3141 694 3203 magis
728 3138 1004 3185 diversum
1040 3147 1119 3183 est
1145 3131 1277 3200 Sph.
1310 3145 1682 3199 squarrosum
1716 3128 1781 3175 ad

174 3210 571 3274 praecedentem
602 3207 771 3269 magis
810 3205 1065 3253 accedens
1098 3214 1150 3250 et
1183 3203 1391 3266 ubique
1426 3201 1575 3250 idem
1610 3199 1781 3263 persi-

176 3290 352 3338 stem,
384 3278 446 3325 in
475 3277 750 3341 Lapponia
777 3289 802 3322 a
825 3288 918 3324 me
944 3288 1060 3322 non
1081 3272 1284 3321 visum.
