2194 3893
476 199 729 252 Anam:
783 199 1297 252 LICHENOSAE.
1579 208 1704 265 409

265 333 501 400 Integras
545 332 717 382 tui-fas
766 331 990 381 obducit
1034 332 1313 397 simulque
1364 330 1542 383 colore
1588 348 1712 393 suc,

131 403 483 450 crassitudine
526 403 733 467 insigni
773 403 1149 467 et·rugositate
1189 412 1386 450 terrani
1420 402 1715 451 turfaceam

132 471 436 518 admodum
462 470 651 526 refert3
689 486 796 535 quo
839 470 1025 518 habitu
1062 470 1432 517 diversissimo
1468 487 1584 519 non
1618 486 1716 535 po-

132 548 236 586 test
260 555 374 586 non
401 556 428 586 a
459 538 790 602 praecedente
825 541 999 603 specie
1029 539 1197 585 nitida
1232 538 1510 601 distingui.
1583 538 1718 587 Scu-

133 607 279 655 tellae
314 606 570 655 consertae
601 619 654 656 et
682 608 826 654 varie
860 607 962 655 sibi
1001 607 1240 654 invicem
1276 621 1600 671 compressae
1642 618 1719 654 to-

133 683 261 721 tum
286 675 391 724 fere
417 676 711 725 Lichenem
740 678 1114 733 constituunt,
1153 685 1214 721 ut
1245 686 1418 722 crusta
1453 672 1722 722 difficilius

138 741 485 801 discernitur3
508 745 820 808 passimque
845 744 1044 792 eximie
1058 743 1350 790 dilatantur
1363 743 1723 790 etluxuriant.

70 819 187 873 751.
226 810 487 859 LICHEN
528 808 762 860 badius:
808 824 981 859 crusta
1023 825 1298 859 verrucosa
1339 809 1506 858 effusa
1555 810 1722 857 oliva-

275 880 601 939 ceo-fusca,
663 879 903 927 scutellis
956 880 1188 928 demum
1233 879 1489 927 convexis
1540 879 1724 942 nigre-

280 948 556 996 unibrinis
592 949 794 995 nitidis.

210 1016 269 1062 L.
299 1016 487 1064 badius
515 1012 734 1063 Aclzar.
763 1011 961 1079 prodr.
987 1013 1069 1074 67.

212 1084 482 1132 Lecanora
509 1084 660 1132 badia
699 1081 921 1133 Aclzar.
950 1081 1156 1132 lichen.
1184 1084 1332 1132 univ.
1367 1099 1420 1148 p.
1443 1088 1565 1143 407.

144 1150 282 1199 Hab.
332 1155 392 1200 in
442 1155 580 1201 saxis
637 1154 827 1218 apricis
886 1153 1156 1218 sylvaticis
1214 1153 1385 1199 totius
1441 1151 1732 1216 Lapponiae

212 1222 435 1284 passim.

77 1295 193 1351 752.
232 1287 492 1337 LICHEN
515 1288 859 1355 aipospilus:
897 1299 1071 1352 crusta
1094 1288 1347 1353 papillata
1384 1287 1732 1336 fusco-cine-

282 1372 368 1404 rea
396 1358 459 1404 ad
482 1361 758 1406 ambitum
782 1358 985 1406 sulcato
1002 1385 1023 1395 -
1042 1357 1237 1404 radiata
1273 1356 1736 1421 nigro-limitata,

284 1425 524 1473 scutellis
551 1427 914 1474 subbacillatis
942 1426 1195 1473 convexis
1226 1424 1350 1473 rufo
1370 1423 1571 1472 -Fuscis
1604 1423 1736 1472 sub-

285 1493 702 1559 imniarginatis.

218 1560 486 1609 Parnielia
535 1563 791 1628 anospila
847 1557 1155 1612 Walzlenb.
1194 1562 1259 1609 in
1292 1557 1517 1609 Achar.
1568 1556 1740 1609 mech.

348 1628 530 1695 suppl.
558 1649 606 1694 p.
632 1629 713 1690 36.

216 1699 485 1746 Lecanora
511 1700 766 1765 aipospila
802 1695 1024 1748 Achar.
1057 1696 1189 1746 lich.
1214 1699 1364 1746 univ,
1384 1714 1437 1763 p.
1460 1703 1579 1760 585.

218 1764 361 1813 Icon
385 1766 488 1813 tab.
511 1779 680 1816 nostr.
706 1769 902 1815 XXVII.
929 1769 1014 1833 fig.
1044 1781 1092 1816 2.

156 1833 275 1883 Hab
322 1836 381 1882 in
409 1836 765 1898 scopulorum
785 1837 1200 1884 maritimorum
1224 1834 1541 1883 scrobiculis
1573 1842 1627 1882 et
1657 1831 1745 1880 fis-

223 1904 485 1967 suris'per
509 1914 680 1951 totam
703 1905 1072 1952 Finmarkiam
1103 1905 1309 1968 ubique
1336 1914 1415 1951 sat
1446 1904 1680 1967 copiose.

289 1971 511 2035 Papillae
536 1972 761 2037 quidem
786 1973 890 2020 sibi
923 1973 1163 2020 invicem
1199 1972 1616 2037 approximatae,
1655 1967 1750 2017 sed

156 2055 273 2087 non
297 2040 428 2088 adeo
454 2042 724 2104 contiguae
751 2052 812 2088 ut
842 2052 1079 2088 crustam
1104 2040 1452 2087 uniformem
1486 2034 1748 2094 efficiant;

159 2107 225 2156 de
251 2119 442 2156 caetero
466 2118 544 2154 sat
566 2110 884 2174 irregulares
900 2108 1268 2156 crassiusculae
1293 2107 1538 2156 scutellas
1566 2106 1753 2153 tuber-

160 2176 478 2224 culiformes
513 2177 603 2233 vix
636 2176 919 2224 dimidiam
955 2178 1162 2223 lineam
1198 2176 1326 2223 latas
1366 2184 1754 2222 sustentantes.

162 2243 328 2292 Color
359 2255 550 2292 crustae
573 2260 601 2292 e
626 2243 959 2296 fuscescente
985 2246 1045 2291 in
1070 2244 1547 2293 cinereumvariat.
1620 2243 1753 2290 Scu-

165 2313 309 2360 tellae
334 2311 549 2375 papillis
574 2325 765 2360 crustae
792 2314 884 2359 vix
908 2313 1141 2360 latiores.

258 2378 597 2445 Explicacio
637 2382 852 2428 iconis:
900 2396 943 2427 a.
975 2380 1153 2426 rosula
1192 2379 1423 2429 lichenis
1454 2379 1644 2427 minor
1680 2395 1756 2427 m.

161 2459 272 2497 nat.
330 2449 380 2496 b.
404 2449 569 2496 sectio
592 2449 790 2495 rosulae
817 2447 1038 2512 oblique
1062 2449 1191 2495 visae
1206 2465 1390 2514 magn.
1414 2463 1510 2508 ,sies
1533 2457 1668 2495 auct.
1690 2472 1760 2481 —

169 2533 213 2565 c.
253 2516 502 2579 ejusdem
540 2518 794 2564 sectionis
831 2532 950 2580 pars
989 2520 1162 2581 magis
1200 2529 1369 2564 aucta.
1444 2516 1495 2563 d.
1533 2515 1760 2563 scutella

171 2587 395 2634 dissecta
426 2584 615 2646 junior
646 2595 700 2634 et
769 2600 814 2634 e.
853 2585 1077 2634 scutella
1112 2586 1350 2633 adultior
1377 2583 1600 2633 dissecta
1639 2595 1759 2632 mes

173 2666 339 2703 aucta.
1220 2653 1243 2661 '

105 2734 221 2787 753.
260 2721 527 2772 LICHEN
547 2718 958 2789 spodoplzoeus:
992 2732 1166 2770 crusta
1195 2733 1415 2770 tartarea
1443 2723 1645 2769 rimosa
1667 2735 1763 2785 pa-

310 2792 814 2855 pillam-ramulosa
858 2793 1114 2856 contigua
1158 2790 1662 2838 fusco-virescente
1696 2787 1765 2836 ad

311 2860 588 2908 ambitum
621 2859 957 2919 subradiata,
1002 2859 1242 2907 scutellis
1281 2858 1458 2922 planis
1498 2858 1764 2905 brunneis

310 2931 644 2993 marginatis.

243 2997 508 3048 Parmelia
530 2995 860 3061 spodophaea
915 2988 1012 3043 W
1001 2991 1226 3043 ahlenb.
1254 2996 1316 3042 in
1337 2990 1564 3042 Achar.
1592 2987 1763 3040 mech.

384 3063 566 3132 suppl.
590 3083 637 3130 p.
665 3077 748 3127 57.

249 3136 520 3183 Lecanora
541 3133 865 3198 spodophaea
912 3127 1137 3180 Achar.
1162 3127 1293 3178 lich.
1331 3132 1480 3180 univ.
1506 3147 1557 3194 p.
1579 3133 1698 3193 587.

181 3202 322 3252 Hah.
349 3205 407 3250 in
432 3202 669 3267 scopulis
697 3202 993 3248 maritimis
1016 3200 1194 3264 planis
1220 3212 1387 3248 vento
1410 3200 1655 3247 maxime
1677 3212 1770 3246 ex·

252 3272 442 3336 positis
463 3287 559 3336 per
581 3270 786 3320 insulas
810 3269 1097 3322 exteriores
1119 3269 1159 3317 F
1163 3270 1447 3317 inmarkiae
1467 3268 1688 3333 passim.
