2194 3893
613 163 1085 257 TRIANDRIA.
1306 240 1309 244 ·
1604 219 1679 270 29

227 328 382 380 Hanc
414 348 629 398 quoque
663 347 793 379 cum
814 329 924 380 Cei.
961 329 1217 380 Schrader
1254 333 1681 396 communicavi,
1747 390 1750 392 ,

92 395 242 446 unde
266 411 407 448 certo
430 403 623 463 certius
648 402 758 449 scio
791 415 911 447 eam
943 415 1058 448 esse
1091 415 1277 448 veram
1312 399 1392 451 A.
1436 400 1678 467 psevdo-

60 527 64 531 .
89 463 559 534 phragmicidem.
1476 509 1479 514 ,
1558 463 1571 475 ”
1618 512 1620 516 .

9 529 105 596 “46-
141 534 446 585 ARUNDO
486 535 969 603 Calamagmscis:
1026 535 1277 600 panicula
1303 548 1540 587 nutante
1574 539 1678 587 dif-

225 602 374 663 fusa,
422 607 685 669 calycibus
710 603 1108 660 sublinearibus
1134 605 1488 664 acuminatis,
1525 609 1679 656 arista

227 674 413 737 exigua
440 677 498 721 in
524 674 714 722 fissura
736 673 952 721 corollae
977 672 1288 731 terminali,
1334 672 1455 736 pilis
1483 676 1681 723 corolla

225 738 583 805 longioribus.

147 802 225 855 A.
271 805 677 877 Calamagrostis
723 803 895 857 Lirm.
940 822 1080 860 svec.
1117 823 1174 854 n.
1217 819 1348 865 107..
1442 807 1675 874 ἷαρροη.

294 893 348 924 n.
372 887 453 939 42.
511 875 661 926 Flor.
686 873 821 926 dan.
847 888 881 923 t.
911 883 1021 936 ¹80·
1080 871 1319 930 Solu-ad.
1334 872 1478 941 flor.
1500 893 1676 944 germ.

293 961 344 1008 p.
369 953 480 1008 214.
508 958 544 995 t.
569 954 618 1007 4.
648 945 752 1006 134.
839 938 1024 994 Gmel.
1049 940 1150 992 sib.
1193 961 1235 991 ι.
1268 960 1320 1009 p.
1361 942 1471 993 126.
1499 962 1554 993 n.
1593 944 1677 996 62.

293 1009 492 1063 Pallas
529 1016 591 1063 ic.
615 1011 767 1063 sibir.
805 1030 847 1061 1.
870 1030 922 1079 p.
945 1010 1031 1062 62.

154 1087 201 1134 β.
229 1075 464 1148 dzffuscz.

90 1146 225 1196 Hah.
265 1151 323 1197 in
356 1151 484 1200 locis
516 1151 790 1200 umbrosis
823 1147 1172 1198 subhumidis
1207 1147 1271 1196 ad
1307 1149 1444 1214 ripas
1481 1150 1677 1199 fluvio-

158 1233 287 1267 rum
319 1230 369 1267 et
397 1221 616 1284 paludes
652 1236 753 1268 nec
783 1234 901 1267 non
948 1219 1010 1265 ad
1055 1233 1215 1281 rupes
1255 1220 1541 1266 montium
1583 1236 1678 1284 per

156 1296 329 1349 partes
354 1289 654 1350 sylvaticas,
687 1287 1070 1350 subsylvaticas
1093 1296 1146 1333 et
1168 1284 1517 1352 inferalpinas
1548 1290 1675 1336 uni-

153 1369 323 1402 versas
347 1358 638 1422 Lapponiae
663 1356 868 1420 ubique
893 1354 1221 1419 frequenter.

297 1436 343 1479 β.
367 1426 426 1472 in
454 1425 766 1473 siccioribus
789 1425 975 1472 rarius.
1050 1462 1051 1465 ,

219 1490 399 1540 Flores
443 1495 779 1559 angustiores
826 1508 996 1557 quam
1036 1492 1098 1540 in
1143 1492 1348 1540 caeteris
1393 1492 1676 1553 omnibus,

88 1557 200 1606 fere
233 1558 491 1619 lineares,
536 1561 685 1609 unde
714 1560 963 1625 panicula
991 1576 1202 1625 perrara
1233 1572 1463 1625 app-aret.
1555 1561 1674 1608 Val-

88 1627 234 1673 vulae
261 1628 449 1691 calycis
485 1645 511 1677 a
548 1645 601 1678 se
632 1631 875 1676 invicem
904 1628 1061 1675 valde
1095 1628 1387 1693 divergunt
1420 1639 1483 1676 ut
1518 1628 1674 1678 flores

82 1711 254 1759 quam
284 1699 522 1745 maxime
555 1698 737 1762 aperti.
808 1695 1020 1744 corolla
1045 1697 1232 1744 minor
1257 1713 1424 1761 quam
1442 1699 1501 1745 in
1537 1712 1675 1762 prae·

88 1763 403 1812 cedentibus
421 1799 435 1824 ‚
475 1765 706 1813 dimidio
735 1765 907 1828 calyce
925 1767 1015 1812 vix
1033 1765 1268 1828 longior.

17 1836 102 1892 47.
137 1830 445 1880 ARUNDO
465 1834 745 1900 strigosa:
790 1833 1039 1898 panicula
1074 1843 1246 1880 erecta
1281 1848 1484 1898 sparsa,
1535 1832 1674 1896 caly-

225 1901 374 1948 cibus
400 1900 798 1949 sublinearibus
823 1901 1168 1960 acuminatis,
1192 1902 1348 1949 arista
1367 1903 1526 1949 tenui
1552 1901 1674 1949 dor-

221 1970 319 2016 sali
343 1969 600 2017 corollam
624 1980 870 2034 aequante
885 1976 911 2030 ,'
941 1969 1068 2035 pilis
1093 1969 1292 2018 corolla
1316 1969 1673 2019 brevioribus·

150 2037 279 2085 Icon
306 2038 409 2085 tab.
435 2049 604 2086 nostr.
629 2039 692 2085 11.
722 2098 726 2101 Ι
1484 2086 1486 2088 ,

85 2103 221 2153 Hab.
260 2106 323 2153 ad
347 2106 525 2154 littora
548 2107 712 2154 maris
741 2106 1177 2171 septentrionalis
1200 2107 1422 2172 passim.
1494 2106 1673 2172 Speci-

150 2175 307 2221 mina
328 2175 514 2240 collegi
548 2174 612 2222 ad
646 2176 853 2223 ostiuna
887 2174 1133 2224 fluminis
1167 2177 1318 2224 Tana
1345 2175 1672 2224 Finmarkiae

152 2244 347 2291 orient.
383 2254 435 2291 et
458 2243 521 2290 ad
544 2245 766 2308 Lyngen
790 2243 1160 2291 Nordlandiae.
1667 2280 1671 2281 γ

213 2310 644 2359 Fructificatione
686 2313 895 2376 optime
938 2313 1198 2361 convenit
1239 2310 1307 2359 A.
1354 2313 1550 2360 strictae
1580 2311 1672 2359 sed

64 2379 303 2441 >habitus
342 2380 740 2427 diversissimus
777 2379 885 2427 fere
915 2378 980 2427 A.
1013 2380 1237 2446 epigejae
1272 2380 1362 2428 vel
1395 2377 1475 2428 A.
1512 2379 1672 2427 cala-

85 2445 456 2515 magroscidis
481 2446 863 2495 contractioris.
936 2447 1168 2496 Culmus
1191 2461 1246 2497 et
1265 2448 1391 2496 folia
1416 2448 1524 2496 fere
1554 2447 1670 2496 Ca-

83 2513 529 2584 lamagroscz‘dz‘s.
600 2515 856 2564 Panicula
880 2527 1049 2563 erecta
1076 2517 1302 2581 quidem
1325 2527 1376 2564 et
1405 2527 1673 2564 contracta

84 2587 236 2632 utin
276 2583 355 2633 A.
391 2587 621 2638 stricta,
682 2595 920 2631 attalnen
965 2585 1276 2632 rariuscula.
1366 2585 1673 2633 Pedunculi

19 2683 26 2684 ff
84 2654 286 2702 eximie
306 2655 546 2720 angulati
571 2663 633 2699 ut
658 2653 716 2699 in
739 2648 820 2699 A.
843 2653 1078 2707 stricta,
1120 2656 1381 2702 omnium
1418 2653 1671 2717 hispidis-

86 2724 214 2769 simi
246 2733 309 2769 ut
344 2734 394 2771 et
429 2724 599 2770 carina
636 2720 841 2782 calycis.
932 2721 1174 2769 valvulae
1209 2721 1461 2785 calycinae
1492 2721 1673 2787 longae

86 2789 196 2838 fere
232 2802 295 2838 ut
325 2794 380 2838 in
424 2788 503 2838 A.
541 2787 825 2856 epz'gejos,
877 2788 968 2836 sed
991 2791 1244 2850 muticae,
1281 2806 1385 2838 nec
1418 2796 1671 2847 acumine

85 2858 181 2905 illo
214 2859 400 2907 lineari
433 2860 602 2923 rigido
642 2862 937 2904 instructae.
1034 2856 1250 2904 Corolla
1298 2859 1473 2920 calyce
1517 2857 1666 2904 nlul-

83 2937 208 2973 tum
252 2926 487 2975 brevior:
538 2927 694 2991 arista
741 2939 955 2988 semper
994 2924 1190 2973 dorsali
1233 2922 1464 2990 lanaque
1498 2924 1667 2974 brevi.

83 2992 249 3043 Color
268 2996 535 3061 paniculae
561 2993 788 3041 caeruleo
803 3021 824 3032 -
840 2995 1036 3040 virens.

218 3064 309 3111 Uti
335 3080 537 3111 novam
570 3063 807 3126 speciem
844 3077 966 3109 eam
999 3061 1222 3126 agnovit
1256 3060 1349 3109 cel.
1380 3061 1669 3124 Schrader,

28 3173 29 3176 ,
81 3133 168 3180 cui
189 3135 464 3196 specimen
495 3131 607 3193 ejus
635 3132 777 3177 misi.

210 3197 546 3266 Etr-placatio
586 3199 796 3246 iconis:
845 3213 889 3245 a.
924 3198 1174 3262 panicula
1204 3207 1311 3245 tota
1340 3214 1523 3265 magn.
1557 3210 1665 3247 nat.

80 3267 132 3317 b.
165 3270 410 3319 ramulus
456 3267 723 3334 paniculae
765 3282 895 3317 cum
939 3266 1163 3315 floribus
1207 3277 1440 3331 quatuor
1478 3284 1663 3334 magn..
