2194 3893
573 171 957 228 HISTORIA
1000 172 1315 232 FLoimz,
1620 186 1771 224 xx1x

121 309 270 361 diem
307 322 493 358 versus
542 322 808 372 quaerens.
856 330 925 340 —
969 304 1100 354 Post
1146 314 1260 354 tam
1304 304 1481 354 multa
1529 314 1582 353 et
1625 306 1777 353 vario

119 379 288 429 modo
326 379 575 425 instituta
613 378 835 434 itinera,
902 390 1038 440 opus
1075 390 1270 423 meum
1319 373 1384 423 de
1436 375 1778 438 vegetatione

120 448 402 514 lapponica
439 445 581 493 haud
622 446 987 492 immaturum
1026 442 1138 492 fore
1176 444 1402 508 speravi.
1605 451 1615 460 ’

258 516 443 564 Plures
503 513 725 578 quidem
785 523 994 560 naturae
1064 522 1380 559 scrutatores
1437 511 1781 577 Lapponiam

120 584 314 633 adiisse
352 584 495 640 scio,
556 581 647 630 sed
687 595 880 629 eorum
919 583 1052 629 circa
1096 580 1302 645 plantas
1351 580 1439 628 vel
1484 580 1780 644 vegetatio-

120 669 255 701 nem
293 652 692 700 observationes
732 650 875 697 haud
913 650 1051 698 mihi
1086 650 1471 697 innotuerunt.
1544 650 1626 696 De
1653 662 1782 713 geo-

121 722 339 787 graphia
387 731 570 767 autem
623 719 839 782 physica
890 716 1056 780 hujus
1114 729 1267 765 terrae
1315 718 1525 782 optime
1575 717 1783 764 meruit

120 787 201 839 A.
240 787 514 847 Hellanc,
555 790 647 852 qui
686 788 1024 852 Lapponiam
1073 786 1304 851 singulis
1342 786 1501 834 annis
1536 799 1784 850 peragra-

120 861 202 906 vit
237 869 564 921 montesque
603 854 718 916 ejus
756 871 1017 904 emensus
1053 865 1132 903 est
1170 870 1214 902 e.
1254 870 1293 902 s.
1332 870 1384 920 p.
1467 853 1649 916 Hujus
1688 870 1780 901 va-

121 929 215 976 riis
263 925 708 974 annotationibus
761 925 820 972 in
871 923 1255 972 Observatorio
1302 923 1432 989 Reg.
1471 922 1785 971 AcademIae

121 995 486 1045 Scientiarum
535 994 809 1041 asservatis
855 1008 985 1041 usus
1032 1007 1175 1040 sum.
1268 993 1523 1057 Denique
1571 993 1783 1055 Lappo-

122 1066 274 1114 niam
309 1065 610 1128 peragravit
638 1061 1103 1110 Generosissimus
1124 1057 1321 1126 ,ίεομ
1362 1077 1469 1109 von
1506 1056 1691 1120 Buch,
1730 1069 1785 1108 et

124 1135 492 1197 experimenta
540 1147 706 1195 quam
750 1129 991 1178 maxime
1037 1129 1140 1176 fida
1189 1129 1254 1177 de
1291 1129 1580 1177 altitudine
1615 1143 1783 1176 mon-

122 1204 300 1260 tium,
365 1201 613 1248 terminis
664 1199 1014 1265 vegetationis
1062 1208 1156 1246 etc.
1206 1200 1454 1262 exposuit
1509 1193 1565 1246 i‘n
1614 1197 1783 1246 libro:

123 1267 293 1320 Reise
318 1266 471 1318 nacla
492 1264 816 1336 Not-twegen
841 1263 962 1316 und
982 1263 1331 1333 Lapplmui,
1371 1266 1557 1317 Berlin
1584 1273 1732 1327 18¹0·

1651 1333 1681 1368 ς

171 1407 444 1475 Divisio
498 1404 845 1493 Lapponiae
893 1408 958 1471 in
999 1422 1218 1495 partes
1267 1401 1590 1470 naturales
1638 1425 1740 1468 se-

549 1496 825 1564 cundum
878 1502 1359 1590 vegetationem.

262 1628 436 1677 Certis
476 1630 862 1694 experimentis
892 1627 1592 1687 infra-demonstrabimus,
1629 1625 1788 1675 clima

124 1698 339 1763 ubique
372 1698 521 1747 idem
571 1714 683 1745 esse
739 1697 804 1745 ad
852 1698 1054 1746 Sinum
1111 1697 1422 1745 bottnicum
1483 1697 1663 1745 stricte
1719 1695 1791 1743 sic

124 1767 336 1815 dictum
370 1765 446 1825 ὶςΓ).
528 1768 630 1814 Hic
667 1767 831 1814 Sinus
880 1768 1032 1830 quasi
1083 1782 1298 1814 saccum
1336 1765 1621 1814 occlusum
1659 1779 1791 1813 con-

125 1838 333 1894 stituit,
372 1851 436 1883 ex
473 1851 580 1900 quo
622 1851 814 1883 omues
851 1835 1068 1900 plantae
1107 1846 1159 1883 et
1197 1845 1307 1881 tota
1345 1834 1666 1881 constitutio
1706 1850 1789 1881 re-

125 1905 304 1972 gionis
345 1906 496 1968 quasi
533 1904 953 1968 proficiscuntur
992 1915 1041 1951 et
1077 1920 1171 1968 per
1201 1903 1374 1949 Zonas
1415 1902 1791 1967 disponuntur

125 1976 244 2021 sine
282 1982 529 2037 respectu
565 1971 628 2020 ad
670 1973 1018 2019 latitudinem
1056 1972 1491 2036 geographicam.
1567 1971 1650 2018 Sic
1687 1971 1791 2018 Zo-

125 2057 214 2090 nae
249 2044 411 2089 variae
444 2043 587 2088 'inter
625 2042 774 2088 hunc
811 2042 1002 2088 sinum
1052 2054 1104 2088 et
1148 2040 1350 2105 jugum
1395 2040 1650 2104 alpinum
1696 2055 1791 2104 pa-

125 2110 356 2169 ranem,
405 2109 811 2157 considerandae
850 2120 996 2157 sunt.
1080 2107 1355 2172 Vegetatio
1395 2108 1456 2155 ab
1497 2125 1605 2155 una
1643 2107 1795 2155 Zona

127 2179 192 2226 acl
230 2179 453 2226 alteram
491 2179 621 2225 adeo
661 2182 867 2226 sensim
904 2188 1170 2236 mutatur,
1210 2188 1271 2224 ut
1310 2188 1448 2225 certe
1494 2176 1794 2224 debeamus

129 2248 464 2312 distinguere
513 2248 657 2294 inter
704 2249 989 2311 regionem
1039 2246 1144 2294 fere
1205 2245 1517 2308 sylvaticam
1574 2256 1626 2293 et
1681 2244 1796 2293 fere

128 2317 396 2381 alpinam;
436 2325 487 2362 et
525 2318 595 2364 sic
633 2327 763 2363 ortae
801 2326 933 2362 sunt
971 2314 1475 2362 denominationes:
1513 2313 1796 2377 subsylva-

126 2385 226 2432 tica
274 2395 326 2432 et
371 2383 655 2448 subalpina
705 2383 901 2432 eodem
949 2399 1144 2441 sensu,
1196 2399 1302 2446 quo
1351 2382 1602 2430 Botanici
1651 2380 1796 2428 illud

127 2452 230 2502 sub
291 2454 538 2517 usurpari
598 2452 791 2500 solent.
887 2453 1073 2515 Itaque
1122 2466 1456 2511 monemus,
1507 2451 1795 2514 regionem.

127 2521 474 2586 subalpinam
510 2521 655 2569 haud
695 2522 771 2569 sic
816 2521 1142 2586 appellatam
1189 2535 1333 2578 esse,
1396 2520 1549 2583 quasi
1597 2517 1796 2567 subtus

126 2718 387 2762 Academiae
416 2721 485 2762 Sc.
516 2719 800 2764 Stockholm.
830 2721 1139 2772 inserto‚‘eui
1172 2718 1368 2763 titulus:
1400 2717 1498 2760 Rea
1521 2732 1592 2759 cm
1614 2717 1796 2774 Spring-

86 2802 91 2803 ν
128 2779 296 2820 &tillem
323 2787 595 2832 temperatur
623 2780 642 2817 i
671 2779 820 2819 Rikecs
850 2792 984 2818 norro
1011 2780 1252 2831 provitiser.

239 2863 292 2911 ¹⁸²)
345 2860 518 2903 Incolae
548 2874 592 2905 et
622 2877 771 2906 nautae
802 2862 942 2916 hujus
973 2863 1178 2920 regionis
1218 2858 1347 2903 aliud
1369 2874 1549 2903 ‘nomen
1581 2858 1800 2904 tribuunt

128 2917 250 2960 mari
292 2932 431 2976 supra
465 2918 637 2961 fretum
679 2919 890 2976 Qnarken
934 2919 1026 2961 sito
1070 2933 1206 2975 quam
1247 2918 1367 2958 mari
1405 2917 1527 2959 infra
1567 2915 1796 2974 Quarken.

130 2971 267 3033 Quod
296 2989 433 3031 supra
462 2975 637 3018 fretum
670 2976 885 3033 Quarkeu
917 2989 1012 3027 est,
1055 2974 1217 3016 dicunt
1248 2974 1419 3016 svetise
1452 2974 1731 3013 Botcenviken
1760 2974 1795 3015 i.

131 3047 170 3073 e.
202 3030 458 3073 Bottm'cum
486 3033 659 3084 sinum,
712 3033 837 3091 quod
877 3032 998 3074 infra
1029 3031 1238 3088 Quarken
1281 3029 1445 3072 dicunt
1485 3029 1800 3085 Rottenlzaf’rec

130 3087 167 3129 i.
210 3102 248 3129 e.
290 3089 535 3129 bottnz‘cum
572 3103 711 3131 mare.
790 3091 848 3130 In
878 3088 969 3131 hoc
999 3087 1228 3131 strictiori
1259 3102 1395 3128 sensu
1427 3088 1588 3128 Sinum
1621 3083 1798 3130 bottni-

131 3157 237 3185 cum
269 3140 594 3188 lubentissime
623 3144 910 3204 accepimus,
963 3160 1068 3187 cum
1109 3145 1383 3187 constitutio
1425 3141 1546 3185 coeli
1584 3155 1630 3185 et
1666 3155 1801 3186 terrae

128 3198 385 3253 adjacentis?
409 3199 478 3243 ibi
507 3199 648 3260 longe
678 3201 769 3245 alia
797 3202 1062 3261 siu-quam
1097 3199 1153 3245 ad
1193 3215 1318 3247 mare
1357 3199 1649 3251 bottnicum,
1702 3197 1797 3252 bal-

126 3255 221 3300 tico
251 3256 370 3301 mari
398 3254 539 3319 longe
556 3257 791 3316 ,similium
