2194 3893
423 302 454 338 2
465 302 495 338 a
869 277 872 279 ’
1005 277 1471 332 TRIANDRIA.

488 423 534 472 β.
573 427 811 464 natans:
870 412 1053 460 culmo
1086 425 1331 468 ramo-so,
1380 407 1526 456 foliis
1560 408 1903 469 natantibus,
1951 410 2071 474 glu-

615 487 720 533 mis
747 479 1121 529 obtusissimis.
1183 472 1440 542 Linn.st.
1465 490 1606 524 svec.
1645 492 1702 523 n.
1733 475 1817 525 60.
1855 486 1902 532 β.
1940 477 2069 543 lap-

615 568 750 617 pon.
789 567 845 598 n.
871 556 952 611 58.

486 617 623 670 Hah.
659 619 788 666 locis
817 614 1060 665 humidis
1098 625 1152 662 et
1176 614 1385 679 aquosis
1419 616 1519 677 per‘
1542 612 1838 676 Lapponias
1876 612 2069 661 Omnes

555 688 833 752 sylvaticas
888 700 990 732 nec
1044 698 1161 730 non
1208 681 1561 746 inFe-ralpinas,
1604 678 2070 733 meridionaliores

553 758 756 821 passim
781 753 1108 816 frequenter.

556 833 603 878 β.
639 833 785 870 natat
805 823 861 867 in
882 819 1107 867 lacubus.
1127 818 1406 881 sylvarum
1428 818 1648 881 passim.

619 890 823 938 Habitu
856 889 1053 935 melius
1089 902 1255 951 quam
1297 886 1590 933 charactere
1622 881 1874 947 ‘quodam
1913 884 2070 932 firmo

489 960 553 1008 ab
577 957 642 1005 A.
667 957 927 1022 pratensi
959 956 1324 1020 distinguitur.
1399 953 1612 1000 Glumae
1646 963 1829 998 tamen
1864 964 2075 1016 semper

490 1028 701 1076 obtusae
726 1025 1051 1089 plerumque
1077 1022 1279 1087 dupplo
1306 1022 1567 1069 minores.
1638 1018 1813 1066 Arista
1837 1018 2078 1084 longitu-

492 1094 621 1142 dine
646 1104 696 1140 et
722 1094 1014 1139 insertione
1038 1094 1208 1138 varia:
1246 1089 1342 1136 ubi
1364 1089 1541 1136 brevis
1565 1097 1663 1145 est,
1698 1085 1843 1148 juxta
1869 1090 2078 1151 apicem

490 1163 695 1228 gluinae
729 1162 1000 1221 inseritur.
1083 1157 1273 1221 Ligula
1312 1172 1525 1221 semper
1569 1156 1782 1218 longior
1823 1171 1989 1219 quam
2019 1157 2080 1206 in

492 1231 559 1279 A.
587 1228 841 1294 pratensi.
890 1226 1042 1292 Spica
1065 1227 1124 1275 in
1149 1225 1301 1279 lobos
1323 1226 1496 1291 magis
1529 1222 1830 1271 divisibilis.

971 1371 1528 1430 MILIUM.

849 1471 955 1511 Gen.
979 1470 1125 1526 plant.
1157 1467 1229 1512 ed.
1259 1465 1436 1508 Sclzreb.
1497 1481 1541 1508 n.
1574 1477 1672 1508 110.
1717 1458 1719 1461 ’

426 1574 511 1631 57.
548 1561 813 1612 MILIUM
851 1557 1127 1629 effasumg
1163 1559 1414 1624 panicula
1440 1557 1664 1622 diffusa,
1694 1556 1928 1619 (floribus
1957 1571 2084 1604 mu-

624 1632 739 1678 ticis
767 1632 954 1680 ovatis..
1440 1676 1446 1679 Δ

531 1700 533 1703 ’
563 1698 642 1749 Μ.
679 1697 919 1746 effusum
952 1693 1125 1744 Lirm.
1154 1710 1301 1744 soce.
1365 1710 1420 1742 n.
1452 1691 1541 1747 61.
1619 1691 1852 1757 lappon.
1900 1707 1956 1739 n.
2000 1698 2084 1752 55.

698 1762 872 1813 Leers
905 1762 1171 1812 lzerborn.
1234 1780 1290 1810 n.
1324 1771 1406 1823 50.
1466 1772 1488 1808 t
1536 1769 1584 1821 8.
1643 1761 1680 1807 f.
1717 1771 1764 1821 7.
1846 1753 2082 1828 Liglztf.

700 1844 838 1881 scot.
889 1850 941 1897 p.
962 1846 1059 1896 92.,·
1118 1828 1291 1899 Engl.
1333 1828 1451 1883 bot.
1499 1828 1580 1881 16.
1627 1839 1667 1879 t..
1706 1824 1855 1879 1106.
1932 1824 2090 1881 Flor.

703 1898 842 1953 dan.
879 1911 918 1950 t.
947 1907 1110 1963 1143.
1216 1915 1219 1917 “
1813 1939 1815 1942 .

496 1969 633 2021 Hah.
658 1969 718 2016 in
743 1968 879 2015 lucis
905 1968 1164 2015 arborum
1187 1965 1574 2014 frondosarum
1599 1978 1695 2027 per
1715 1966 1888 2027 partes
1912 1962 2088 2026 sylva-

510 2086 512 2089 ,
567 2040 729 2096 ticas,
760 2035 1144 2096 subsylvaticas
1170 2045 1222 2083 et
1262 2033 1616 2096 inferalpinas
1634 2033 1838 2094 passim
1861 2033 2092 2094 parcius,

566 2120 742 2168 usque
775 2104 837 2150 ad
872 2103 1282 2152 Norskholmen
1324 2116 1492 2165 prope
1527 2100 1737 2146 Tanam
1771 2098 2091 2147 Finmarkiae

569 2171 874 2227 orientali33
899 2196 906 2202 ·
935 2182 998 2218 ut
1043 2182 1096 2219 et
1136 2173 1195 2217 in
1231 2169 1532 2233 subalpinis
1569 2166 1888 2234 nemoribus
1922 2169 2089 2216 rarius

568 2242 756 2290 visum
780 2255 857 2287 ex.
885 2235 960 2304 g'r.
988 2238 1050 2285 ad
1077 2239 1354 2290 Kirkivare
1387 2236 1593 2300 alpium
1616 2234 1954 2298 Lulensium.
1994 2260 1997 2262 ·

629 2307 812 2360 Elores
838 2306 948 2357 fere
967 2305 1203 2370 majores
1229 2321 1396 2371 quam
1422 2305 1483 2356 in
1505 2303 1735 2355 svecieo.

1000 2451 1546 2509 AGROSTIS.

873 2549 980 2591 Gen.
1004 2550 1149 2603 plant.
1181 2547 1251 2592 cd.
1279 2546 1458 2590 Sckreb.
1514 2562 1559 2587 n.
1593 2558 1688 2588 111.

439 2647 523 2705 58.
560 2637 906 2691 AGROSTIS
947 2640 1181 2705 alpina:
1237 2640 1487 2702 panicula
1523 2649 1750 2704 angusta
1783 2636 2094 2703 pauciflora:

637 2711 804 2758 ramis
838 2708 1284 2773 simpliciusculis
1315 2707 1576 2766 laevibus,
1627 2709 1784 2754 arista
1817 2705 1954 2753 infra
1977 2722 2097 2753 me-

642 2777 802 2825 dium
822 2778 1183 2841 proveniente
1208 2775 1547 2832 rectiuscula‚
1587 2774 1783 2823 corolla
1805 2773 2068 2823 univalvi.

576 2845 706 2910 Agr.
734 2845 913 2908 alpina
947 2841 1108 2909 Spem.
1130 2843 1315 2909 plant.
1353 2839 1440 2892 ed.
1471 2838 1752 2892 W'z‘llden.
1805 2858 1847 2888 1.
1891 2858 1942 2905 p.
1979 2838 2096 2902 568.

579 2912 944 2962 Trichodiurn
966 2913 1218 2976 alpinum
1241 2908 1481 2960 Schrad.
1502 2927 1681 2978 germ.
1725 2928 1768 2957 1.
1814 2926 1866 2974 p.
1891 2922 2010 2957 200.

580 2979 864 3043 ‘2Agrostis
887 2982 1059 3044 panic.
1084 2981 1410 3030 tenuissima
1441 2977 1611 3032 Lz'tm.
1642 2978 1872 3044 lappon.
1927 2993 1984 3029 n.
2008 2985 2096 3040 45.

720 3044 924 3114 Zoega
961 3045 1193 3103 island„

583 3115 673 3166 Gr.
702 3132 933 3181 parvum
963 3117 1341 3181 paniculatum
1374 3116 1651 3181 alpinum,
1697 3112 1945 3178 panicula
1983 3130 2100 3179 spa-

722 3184 900 3242 dicea,
958 3186 1259 3234 aristatuni.
1331 3181 1629 3233 Sclzevclzz.
1689 3197 1810 3249 agr.
1879 3198 1930 3245 p.
1980 3192 2099 3245 140.

720 3247 919 3317 prodr.
967 3269 1018 3316 p.
1046 3264 1126 3301 22.
1166 3263 1203 3300 t.
1227 3260 1276 3313 4.
1315 3252 1347 3299 f.
1381 3269 1423 3299 1.

517 3317 653 3367 Hab.
679 3320 740 3368 in
765 3319 1024 3369 omnibus
1050 3320 1260 3386 alpibus
1280 3320 1408 3370 locis
1433 3316 1744 3368 siccioribus
1773 3325 1835 3364 ut
1857 3317 2019 3366 etiam
2043 3318 2100 3366 in
