2194 3893
458 194 482 230 1
498 195 522 230 1
537 195 566 231 3
642 175 645 177 ’
1025 176 1181 231 DEC
1185 175 1516 230 ANDRIA.

584 305 758 366 Mad:
810 306 913 359 sed
962 309 1191 359 ulterius
1242 309 1678 388 septentrionem
1721 327 1909 363 versus
1952 328 2101 362 nun-

583 395 750 443 quam
774 389 978 443 reperta
1003 390 1110 435 est,
1145 393 1257 425 nec
1271 379 1331 424 in
1353 378 1484 442 ipsis
1510 373 1723 443 alpibus
1746 398 2012 447 unquam.

645 447 791 494 Folia
815 463 1030 511 semper
1046 445 1318 515 praeclictae
1342 445 1556 504 formae,
1575 463 1676 494 nec
1697 448 1984 498 latitudine
2006 465 2102 497 sua

499 509 655 580 «apud
687 530 786 563 1105
826 517 1063 573 variant,
1119 529 1342 562 sursum
1379 530 1577 577 parum
1620 515 1806 563 latiora
1844 519 2100 581 apiceque

512 583 918 642 0111351358313,
956 583 1079 631 laete
1099 582 1283 629 viridia
1306 581 1446 660 §nec
1470 592 1530 628 ut
1552 584 1612 629 in
1636 583 1686 630 S.
1715 585 1922 632 aizoon
1947 585 2098 650 glau-

509 651 620 709 ca).
692 640 880 716 Margo
914 666 1107 698 eorum
1135 652 1352 714 proprie
1384 649 1543 697 dictu
1578 650 1950 715 cartilagineus
1982 668 2101 699 non

509 730 618 776 est,
658 735 759 766 nec
780 730 1090 777 serraturae,
1129 734 1307 783 quum
1340 719 1418 765 in
1431 717 1593 766 latere
1624 717 1877 767 inferiore
1913 723 2096 768 omni-

508 802 582 834 no
617 787 845 843 viride83
893 786 986 835 sed
1024 802 1258 851 superne
1288 784 1537 833 obductae
1576 794 1794 833 tantum
1825 803 1863 835 5
1857 799 1955 835 int
1986 790 2100 852 epi-

510 854 756 903 dermide
785 855 1018 919 quadam
1048 854 1335 903 3888550113
1373 853 1576 913 albida,
1635 869 1756 918 quae
1800 846 1859 902 13
1912 866 2096 904 centro

505 921 945 987 uniuscujusque
976 933 1256 970 serraturae
1301 921 1468 970 adfixa
1504 932 1586 971 est
1629 923 1782 986 quasi
1814 924 1873 970 in
1910 922 2098 970 umbi-

499 990 612 1038 lico
649 992 928 1054 depresso,
978 1001 1030 1038 et
1060 990 1126 1038 ad
1159 990 1436 1038 ambitum
1474 991 1580 1037 cito
1612 990 1844 1038 solvitur
1866 1007 1893 1038 a
1917 990 2098 1053 subja·

505 1069 659 1106 cente
685 1058 865 1106 substa
870 1061 984 1105 ntia
1005 1059 1127 1106 folii
1151 1059 1335 1137 sicque
1356 1067 1508 1122 gutta
1535 1073 1647 1105 una
1671 1057 1844 1106 albida
1879 1061 1937 1107 in
1961 1075 2096 1106 una-

503 1143 715 1190 quaque
751 1137 1010 1174 serratum
1047 1127 1346 1174 constituit.
1426 1125 1593 1175 Basin
1631 1142 1818 1175 versus
1859 1125 1973 1174 folii
2011 1127 2097 1173 1138

501 1205 785 1242 serraturae
838 1194 1048 1241 sensim
1102 1194 1303 1241 abeunt
1356 1193 1416 1240 in
1459 1194 1606 1241 811135
1653 1194 1962 1258 capitulatae
2006 1195 2094 1241 vel

501 1262 902 1326 glanduliferas.
985 1261 1189 1310 Foliola
1221 1278 1263 1310 5.
1300 1261 1526 1310 bracteae
1557 1262 1826 1326 paniculae
1858 1262 1967 1311 fere
2003 1278 2094 1309 us·

450 1367 452 1369 .
502 1347 606 1394 que
639 1331 702 1377 ad
736 1330 947 1395 apicem
984 1330 1186 1389 ciliata,
1234 1340 1288 1378 et
1319 1331 1581 1394 utrinque
1617 1328 1941 1395 glanduloso
1966 1358 1987 1369 -
2010 1331 2093 1393 pi-

497 1398 626 1446 losa.
699 1398 955 1446 Panicula
979 1408 1090 1445 tota
1124 1408 1188 1445 ut
1220 1398 1386 1445 etiam
1408 1398 1597 1460 calycis
1633 1397 1839 1446 fundus
1864 1398 2095 1463 glandu-

496 1466 849 1531 logo-pilosa
888 1465 978 1514 sed
1006 1466 1220 1513 13813138
1246 1465 1500 1527 calycinae
1521 1465 1849 1530 plerumque
1875 1466 2093 1531 glabrae,

497 1535 882 1593 subcoloratae‚
933 1533 1162 1581 obtusae.
1243 1533 1423 1581 Petala
1458 1549 1645 1581 versus
1680 1533 1832 1582 basin
1864 1536 2091 1580 111111113-

496 1601 695 1649 nileste
730 1602 939 1660 ciliata,
984 1601 1161 1649 albida
1193 1602 1313 1649 sine
1349 1600 1478 1647 ullis
1513 1603 1763 1663 punctis,
1824 1600 2090 1663 oblongo-

498 1671 726 1718 obovata
749 1686 850 1717 nec
871 1671 943 1717 ita
969 1668 1307 1718 subrotunda
1330 1683 1387 1714 ac
1415 1668 1473 1715 in
1502 1668 1666 1733 figura
1689 1667 1860 1716 Florae
1887 1668 2089 1716 danicae

496 1737 651 1799 (sine
676 1738 842 1785 dubio
866 1753 1151 1803 perperam
1172 1737 1243 1783 ita
1269 1735 1527 1800 depicta).
1578 1735 1745 1798 Calyx
1766 1736 2090 1784 fructificans

493 1806 893 1886 51111ῡ101105115,
948 1807 1194 1853 fructum
1237 1803 1401 1869 longe
1443 1804 1616 1868 magis
1650 1803 1974 1852 inferiorem
2005 1804 2087 1851 fo-

492 1891 627 1922 vens
653 1891 819 1939 quam
841 1876 897 1922 in
922 1873 971 1921 S.
1002 1874 1228 1921 αι’Ζοοη.
1301 1871 1610 1921 Pedunculi
1643 1872 1846 1921 florum
1876 1874 2086 1922 tenuis-

491 1944 621 1990 simi
646 1943 755 1990 fere
778 1942 1070 2006 capillares.

624 2011 791 2059 Nobis
837 2021 1083 2058 extranea
1126 2020 1206 2058 est
1241 2005 1294 2057 S.
1323 2025 1534 2058 azzoon
1561 2006 1765 2076 Jacqu.
1802 2021 1980 2057 aascr.
2035 2019 2086 2070 5.

487 2089 526 2127 t.
550 2086 667 2140 458.
740 2075 960 2127 Scernb.
986 2074 1194 2147 saoeffr.
1243 2079 1348 2126 tab.
1373 2090 1420 2139 5.
1460 2076 1526 2125 A.
1600 2077 1685 2137 (S
1710 2078 2084 2144 petiolis-pau·

490 2148 707 2205 cissoiis,
745 2148 931 2211 petalis
958 2147 1230 2211 punctatis
1268 2144 1428 2194 Hall.
1455 2143 1596 2195 belo.
1636 2163 1693 2194 n.
1717 2154 1834 2210 978.
1845 2145 1900 2208 ),
1929 2145 2082 2206 cujus

485 2227 767 2264 serraturae
806 2215 1073 2263 foliorum
1108 2214 1304 2263 eodem
1333 2215 1502 2263 modo
1527 2225 1850 2263 constructae
1873 2224 2003 2262 aunt
2026 2230 2083 2261 ac

484 2285 548 2331 in
574 2295 758 2331 nostra
783 2283 836 2332 S.
869 2279 1266 2349 Cocyledone,
1308 2283 1401 2331 sed
1434 2285 1635 2330 eximie
1671 2282 1874 2330 differt:
1922 2298 2077 2344 scapo

485 2352 864 2416 subsimplici,
923 2353 1111 2410 firmo,
1172 2361 1224 2398 et
1265 2351 1490 2399 bracteis
1534 2351 1817 2398 latioribus
1865 2348 2079 2398 int'erne

482 2419 741 2484 praedito3
789 2420 963 2481 calyce
985 2420 1219 2466 omnino
1251 2420 1520 2485 glabram,
1564 2419 1738 2484 magis
1778 2418 1991 2465 dilatato
2027 2427 2077 2464 et

481 2487 730 2549 planiore
769 2486 1014 2535 fructum
1055 2489 1230 2551 magis
1277 2503 1541 2566 superum
1585 2487 1831 2543 fovente3
1887 2484 2076 2550 petalis

481 2555 698 2602 inferne
731 2554 1046 2614 latioribus,
1101 2556 1207 2602 sibi
1240 2556 1482 2603 invicem
1523 2555 1793 2618 contiguis
1829 2563 1879 2601 et
1909 2552 2074 2600 subo-

479 2624 635 2669 vatis.
684 2621 876 2669 Hanc
863 2638 923 2669 111
948 2633 1057 2670 tota
1079 2622 1433 2671 Scandinavia
1457 2622 1602 2670 haud
1627 2632 1822 2687 sponte
1847 2636 2074 2668 crescere

479 2701 655 2755 puto,
714 2690 863 2737 uncle
910 2689 1078 2752 figura
1120 2686 1307 2738 Florce·
1348 2690 1502 2755 [app.
1556 2692 1667 2738 huc
1716 2705 1743 2737 a
1788 2688 2072 2736 3033111115

479 2761 634 2805 citata
658 2773 773 2805 non
787 2768 965 2823 potest
980 2774 1096 2807 11011
1118 2758 1181 2806 ad
1203 2755 1447 2823 ipsamS.
1467 2753 1881 2826 Cocyledonem
1897 2752 2068 2804 Linn.

475 2828 765 2891 pertinere.

607 2896 670 2941 In
707 2891 844 2943 Sacc.
877 2905 1106 2942 mutam
1143 2893 1369 2959 ejusque
1407 2891 1555 2942 affini
1590 2892 1643 2942 S.
1669 2903 1923 2941 cruseaccz
1961 2909 2068 2941 ser-

475 2974 673 3010 1313138
710 2961 977 3010 foliorum
1012 2963 1176 3028 longe
1214 2963 1350 3011 31135
1384 2963 1800 3012 constructionis
1824 2971 1955 3007 sunt
1980 2972 2066 3008 ut-

473 3042 602 3095 pote
650 3046 677 3078 e
724 3029 1047 3079 membrana
1093 3031 1312 3093 hyalina
1360 3032 1682 3093 tenuissima
1728 3029 1907 3083 factae3
1964 3044 2066 3076 cae-

472 3111 600 3145 terae
640 3114 858 3162 quoque
894 3110 1069 3162 partes
1107 3099 1334 3158 alienae,
1392 3109 1457 3146 ut
1499 3107 1698 3162 nostrae
1733 3096 1936 3159 plantae
1974 3098 2066 3144 vix

475 3165 703 3229 quidem
748 3163 921 3215 affinis
970 3177 1064 3215 est.
1158 3166 1448 3216 Dilabunt
1476 3159 1656 3229 itaque
1702 3162 2062 3225 Cotyledones

471 3235 533 3282 in
569 3249 904 3326 squamoso·
880 3245 1147 3286 -serratas
1184 3245 1237 3285 et
1275 3233 1726 3285 membranaceo·
1704 3242 2047 3349 -serraStaQsXI

1714 3311 1816 3348 210
2035 3329 2056 3339 -
