2194 3893
390 234 467 285 90
961 216 1470 273 HEXANDan

555 349 754 416 Scapus
780 364 992 416 semper
1012 351 1195 400 nudus
1222 363 1274 400 et
1296 352 1520 401 bracteis
1532 357 1670 404 veris
1687 357 1921 415 orbatus;
1945 357 2037 407 sed

452 418 654 467 florum
678 418 945 481 calyculus
972 422 1109 468 vices
1140 421 1477 468 bractearunl
1506 425 1641 486 gerit
1679 435 1731 472 et
1757 427 1815 472 in
1850 443 2038 474 earum

452 487 572 535 loco
599 488 806 552 po-itus
845 498 941 552 est.
1013 487 1298 551 Calyculus
1333 489 1418 536 hic
1454 489 1688 538 fulci-ans
1726 503 1779 540 et
1810 495 1910 541 sub
1948 496 2035 541 in-

451 557 689 603 sertione
715 555 1110 620 pedicellorum
1131 572 1285 620 scapo
1308 557 1598 605 adnascens
1632 559 1839 609 trifidus
1874 573 1953 610 est
1985 573 2038 610 et

455 623 640 682 albus,
662 639 769 688 quo
801 622 1057 673 facillime
1079 641 1105 673 a
1130 641 1254 672 vera
1288 624 1494 673 bractea
1527 626 1909 690 distinguitur,
1945 629 2037 678 sed

454 690 806 739 dimidiatum
836 692 964 740 lobo
991 709 1104 741 uno
1137 693 1238 741 sub
1273 693 1567 758 pedicello‚
1603 695 1824 761 reliquis
1861 697 1925 744 ad
1961 698 2036 745 la-

453 770 564 806 tera
609 760 724 820 ejus
767 762 986 824 positis,
1052 763 1125 809 ita
1167 772 1230 809 ut
1283 762 1440 809 axilla
1489 762 1635 810 nuda
1694 775 1745 812 et
1799 765 2037 827 calyculo

452 827 675 874 liberata
722 829 911 875 evadit.
993 828 1235 877 Stamina
1284 846 1496 893 semper
1542 831 1727 895 petalis
1777 832 2036 880 breviora.

453 894 699 960 Capsulae
724 906 826 944 tres
854 912 1024 961 usque
1050 913 1076 944 e
1099 909 1282 945 centro
1306 910 1607 946 retrorsum
1634 913 1907 959 connatae,
1946 917 2037 949 su-

453 965 637 1028 perius
682 964 986 1011 introrsum
1027 966 1374 1014 dehiscentes.
1466 967 1687 1015 Semina
1745 984 2038 1016 numerosa

453 1032 794 1096 marginibus
824 1034 1165 1096 capsularum
1190 1045 1312 1081 tum
1338 1051 1496 1099 supra
1524 1046 1775 1083 centrum
1809 1053 1866 1083 ac
1896 1036 2037 1084 infra

453 1100 636 1146 adfixa.
711 1099 872 1146 Nulla
909 1100 1056 1147 adest
1092 1103 1150 1149 in
1195 1102 1376 1150 fructu
1422 1103 1678 1150 columna
1719 1105 1897 1151 media
1943 1105 2037 1152 sed

452 1167 686 1231 capsulae
720 1167 1004 1215 interdum
1043 1180 1168 1217 totae
1205 1186 1232 1216 a
1269 1187 1323 1218 se
1360 1173 1602 1218 invicem
1647 1172 1940 1220 solvuntur
1985 1182 2039 1221 et

449 1250 546 1300 per
571 1245 742 1282 totam
767 1247 1016 1284 suturam
1040 1238 1318 1287 internanl
1340 1240 1674 1303 aperiuntur.

590 1303 780 1368 Figura
814 1301 898 1351 El.
934 1301 1161 1353 danice&
1194 1307 1374 1354 multo
1410 1308 1606 1355 melior
1639 1318 1717 1355 est
1749 1323 1915 1372 quam
1949 1305 2039 1354 illa

453 1369 512 1418 in
538 1367 709 1438 Engl.
735 1369 847 1419 boc.
878 1377 926 1429 8.
953 1384 987 1420 t.
1013 1373 1130 1436 556.
1204 1376 1332 1423 Haec
1359 1377 1560 1439 species
1584 1375 1813 1423 borealis
1836 1392 1875 1422 s.
1901 1376 2035 1439 Lap-

451 1441 647 1503 ponica
671 1442 729 1486 in
757 1442 992 1489 summis
1026 1442 1236 1506 alpibus
1269 1443 1660 1504 Tyrolensibus
1699 1459 1916 1508 quoque
1948 1458 2037 1492 oc-

453 1507 618 1556 currit
644 1508 953 1555 secundum
977 1512 1272 1574 specimina
1298 1528 1323 1557 a
1346 1526 1438 1558 me
1462 1513 1587 1558 visa.
2025 1572 2031 1577 ‚

590 1574 772 1622 Altera
804 1579 1004 1640 species
1038 1579 1321 1625 australior
1356 1580 1415 1625 in
1467 1578 1778 1625 Gottlandia
1822 1594 2039 1642 quoque

450 1644 795 1708 proveniens
819 1645 1034 1693 abunde
1068 1646 1242 1693 differt
1266 1646 1518 1709 calyculis
1543 1646 1660 1692 flori
1696 1648 2034 1709 approxima-

450 1713 519 1761 tis
557 1721 610 1760 et
644 1711 862 1759 bracteis
895 1715 1036 1761 veris
1086 1714 1370 1763 viridibus.
1452 1713 1608 1762 Hanc
1650 1710 1705 1761 T.
1744 1712 2034 1782 calyces-la·

449 1789 571 1827 cam
593 1778 767 1828 dicere
787 1780 1104 1829 voluissem.

712 1865 1706 1945 SCHEUCHZERIffi

814 1984 921 2024 Gen.
944 1985 1092 2036 plant.
1125 1983 1193 2024 ed.
1225 1981 1402 2024 Sclzreb.
1434 1996 1478 2028 n,
1512 1980 1610 2034 615.

383 2072 497 2125 170.
533 2058 1078 2111 SCHEUCHZERIA
1098 2061 1404 2128 palustris:
1451 2057 1620 2108 Limz.
1658 2075 1796 2121 suec.
1830 2075 1886 2106 n.
1912 2069 2030 2122 520.

583 2127 817 2195 Iczppon.
852 2147 906 2178 n.
952 2142 1061 2193 135.
1097 2143 1132 2178 t.
1175 2147 1253 2178 ιο.
1285 2130 1320 2178 f.
1362 2146 1405 2178 1.
1481 2125 1757 2179 PVz‘llden.
1794 2143 1938 2191 spec.
1980 2139 2027 2174 2.

582 2214 636 2263 p.
661 2195 776 2259 265.
849 2195 1022 2267 Engl.
1048 2197 1161 2247 boc.
1187 2196 1267 2247 26.
1304 2209 1340 2246 t.
1378 2205 1526 2258 180¹·
1597 2195 1740 2244 fall<
1774 2193 2027 2243 rassisclz.

584 2276 810 2333 copogr.
857 2281 904 2314 2.
955 2284 1007 2333 p.
1052 2266 1162 2330 165.
1238 2264 1423 2316 Gmel.
1461 2263 1559 2314 sib.
1599 2283 1641 2314 1.
1673 2282 1725 2330 p.
1761 2275 1841 2327 75.
1867 2281 1921 2311 n.
1947 2271 2029 2325 58.

582 2330 870 2382 Miclzauoe
892 2351 1068 2383 amer.
1099 2353 1140 2383 1.
1165 2353 1217 2400 p.
1238 2348 1356 2399 209.
1864 2393 1870 2399 ¹

442 2401 580 2452 Hab.
606 2404 663 2450 in
689 2402 979 2466 paludibus
1004 2406 1217 2469 aquosis
1241 2401 1530 2468 profundis
1555 2419 1650 2467 per
1682 2411 1890 2466 partem
1923 2398 2028 2461 syl-

512 2471 746 2518 vaticam
772 2470 1093 2520 inferiorem
1117 2474 1381 2520 omnium
1398 2468 2027 2536 Lapponiarumpassini,

511 2553 614 2585 nec
639 2553 799 2602 supra
822 2538 1081 2606 Arjeplog
1103 2541 1397 2605 Lapponiae
1410 2540 1639 2587 Pitensis
1661 2548 1712 2585 et
1736 2533 2030 2596 Kellojiirvi

511 2605 808 2670 Lapponiae
838 2607 1128 2655 Kemensis
1163 2618 1396 2672 reperta;
1434 2617 1497 2655 ut
1529 2608 1696 2656 etiam
1724 2604 1789 2653 ad
1825 2602 2027 2651 Ofoten

513 2672 868 2722 Nordlandiae
892 2674 1236 2740 inferalpinae
1256 2677 1386 2722 visa.

580 2740 759 2803 Hujus
794 2741 997 2789 foliatio
1033 2743 1177 2791 haud
1220 2745 1486 2807 &equitans
1521 2751 1602 2790 est
1632 2752 1695 2789 ut
1724 2740 1784 2788 in
1820 2735 2023 2813 Tofjel-

445 2807 564 2869 dia,
601 2809 692 2857 sed
734 2809 860 2857 folia
896 2809 1045 2872 juxta
1082 2813 1299 2876 vaginas
1341 2810 1723 2858 canaliculato·
1750 2807 2026 2877 triquetra,

444 2893 680 2942 superne
702 2878 910 2925 sensim
931 2878 1088 2943 plana
1112 2878 1353 2927 evadunt
1375 2878 1572 2927 eodem
1590 2875 1758 2932 modo
1780 2890 1837 2922 ac
1855 2869 2024 2921 Erio-

439 2943 616 3011 phori
647 2944 903 3012 gracilis.
977 2946 1309 2995 Germinum
1343 2961 1611 2994 numerus
1640 2956 1798 2991 verus
1836 2951 1915 2989 est
1947 2957 2026 2989 se-

441 3014 642 3061 narius.
720 3012 967 3077 Capsulae
1003 3025 1130 3062 totae
1163 3015 1346 3062 liberae
1378 3024 1536 3072 sunt,
1573 3010 1771 3075 angulo
1809 3024 1907 3056 suo
1941 3009 2026 3056 in·-

443 3076 641 3129 teriore
685 3081 1038 3130 dehiscentes.
1120 3082 1343 3130 Semina
1374 3083 1434 3128 in
1475 3080 1648 3128 fundo
1681 3076 1909 3141 capsulae
1941 3078 2024 3123 in-

443 3160 611 3206 serta,
648 3165 832 3213 pauca.
902 3149 1029 3198 Sive
1051 3149 1282 3214 ideoque
1307 3149 1520 3196 habitus
1545 3148 1657 3195 sive
1691 3144 2024 3192 fructificatio

443 3216 833 3278 consideratur,
846 3219 1173 3284 neutiquam
1192 3233 1389 3283 genere
1411 3213 1672 3279 conjungi
1694 3222 1871 3276 potest
1896 3228 2024 3260 cum

442 3283 800 3349 praecedente.
956 3300 960 3302 ’
1272 3298 1275 3299 ’
