<?xml version="1.0" encoding="UTF-8"?>
<!DOCTYPE html PUBLIC "-//W3C//DTD XHTML 1.0 Transitional//EN"
    "http://www.w3.org/TR/xhtml1/DTD/xhtml1-transitional.dtd">
<html xmlns="http://www.w3.org/1999/xhtml" xml:lang="en" lang="en">
 <head>
  <title>
</title>
<meta http-equiv="Content-Type" content="text/html;charset=utf-8" />
  <meta name='ocr-system' content='tesseract 3.04.00' />
  <meta name='ocr-capabilities' content='ocr_page ocr_carea ocr_par ocr_line ocrx_word'/>
</head>
<body>
  <div class='ocr_page' id='page_1' title='image "./floralapponicaex00wahl_0327.png"; bbox 0 0 2194 3893; ppageno 0'>
   <div class='ocr_carea' id='block_1_1' title="bbox 741 246 1793 312">
    <p class='ocr_par' dir='ltr' id='par_1_1' title="bbox 741 246 1793 312">
     <span class='ocr_line' id='line_1_1' title="bbox 741 246 1793 312; baseline -0.001 -14"><span class='ocrx_word' id='word_1_1' title='bbox 741 246 1190 300; x_wconf 68' lang='lat' dir='ltr'>MoNossciA.</span> <span class='ocrx_word' id='word_1_2' title='bbox 1681 260 1793 312; x_wconf 75' lang='lat'>251</span> 
     </span>
    </p>
   </div>
   <div class='ocr_carea' id='block_1_2' title="bbox 199 378 1871 1999">
    <p class='ocr_par' dir='ltr' id='par_1_2' title="bbox 210 378 1801 1046">
     <span class='ocr_line' id='line_1_2' title="bbox 210 378 1798 445; baseline -0.001 -15"><span class='ocrx_word' id='word_1_3' title='bbox 210 379 345 430; x_wconf 81' lang='lat' dir='ltr'>Hah.</span> <span class='ocrx_word' id='word_1_4' title='bbox 383 380 446 430; x_wconf 82' lang='lat' dir='ltr'>ad</span> <span class='ocrx_word' id='word_1_5' title='bbox 478 381 674 430; x_wconf 83' lang='lat' dir='ltr'>fluvios</span> <span class='ocrx_word' id='word_1_6' title='bbox 712 381 946 444; x_wconf 86' lang='lat' dir='ltr'>aliasque</span> <span class='ocrx_word' id='word_1_7' title='bbox 983 395 1143 445; x_wconf 87' lang='lat' dir='ltr'>aquas</span> <span class='ocrx_word' id='word_1_8' title='bbox 1175 379 1306 428; x_wconf 75' lang='lat' dir='ltr'>locis</span> <span class='ocrx_word' id='word_1_9' title='bbox 1339 378 1586 429; x_wconf 85' lang='lat' dir='ltr'>humidis</span> <span class='ocrx_word' id='word_1_10' title='bbox 1623 380 1798 429; x_wconf 69' lang='lat' dir='ltr'>occul-</span> 
     </span>
     <span class='ocr_line' id='line_1_3' title="bbox 275 449 1800 517; baseline -0.001 -20"><span class='ocrx_word' id='word_1_11' title='bbox 275 451 504 499; x_wconf 89' lang='lat' dir='ltr'>tioribus</span> <span class='ocrx_word' id='word_1_12' title='bbox 541 467 638 517; x_wconf 91' lang='lat' dir='ltr'>per</span> <span class='ocrx_word' id='word_1_13' title='bbox 668 460 880 516; x_wconf 84' lang='lat' dir='ltr'>partem</span> <span class='ocrx_word' id='word_1_14' title='bbox 924 449 1239 512; x_wconf 81' lang='lat' dir='ltr'>sylvaticam</span> <span class='ocrx_word' id='word_1_15' title='bbox 1283 450 1800 514; x_wconf 77' lang='lat' dir='ltr'>oniniunr-Lappo·</span> 
     </span>
     <span class='ocr_line' id='line_1_4' title="bbox 274 517 1801 582; baseline -0.001 -16"><span class='ocrx_word' id='word_1_16' title='bbox 274 519 495 567; x_wconf 79' lang='lat' dir='ltr'>niarum</span> <span class='ocrx_word' id='word_1_17' title='bbox 531 536 670 568; x_wconf 81' lang='lat' dir='ltr'>svec.</span> <span class='ocrx_word' id='word_1_18' title='bbox 709 517 1109 582; x_wconf 81' lang='lat' dir='ltr'>vulgatissime3</span> <span class='ocrx_word' id='word_1_19' title='bbox 1154 533 1250 582; x_wconf 88' lang='lat' dir='ltr'>per</span> <span class='ocrx_word' id='word_1_20' title='bbox 1274 529 1482 579; x_wconf 63' lang='lat' dir='ltr'>partem</span> <span class='ocrx_word' id='word_1_21' title='bbox 1519 517 1801 581; x_wconf 78' lang='lat' dir='ltr'>subsylva-</span> 
     </span>
     <span class='ocr_line' id='line_1_5' title="bbox 276 586 1799 652; baseline -0.001 -19"><span class='ocrx_word' id='word_1_22' title='bbox 276 588 438 635; x_wconf 84' lang='lat' dir='ltr'>ticam</span> <span class='ocrx_word' id='word_1_23' title='bbox 461 590 672 652; x_wconf 84' lang='lat' dir='ltr'>parcius</span> <span class='ocrx_word' id='word_1_24' title='bbox 706 587 936 634; x_wconf 85' lang='lat' dir='ltr'>occurrit</span> <span class='ocrx_word' id='word_1_25' title='bbox 965 596 1016 633; x_wconf 91' lang='lat' dir='ltr'>et</span> <span class='ocrx_word' id='word_1_26' title='bbox 1046 586 1122 632; x_wconf 86' lang='lat' dir='ltr'>ibi</span> <span class='ocrx_word' id='word_1_27' title='bbox 1148 588 1420 650; x_wconf 74' lang='lat' dir='ltr'>praecipue</span> <span class='ocrx_word' id='word_1_28' title='bbox 1441 586 1569 633; x_wconf 85' lang='lat' dir='ltr'>locis</span> <span class='ocrx_word' id='word_1_29' title='bbox 1609 586 1799 632; x_wconf 88' lang='lat' dir='ltr'>humi-</span> 
     </span>
     <span class='ocr_line' id='line_1_6' title="bbox 275 653 1800 718; baseline -0.002 -16"><span class='ocrx_word' id='word_1_30' title='bbox 275 655 518 704; x_wconf 87' lang='lat' dir='ltr'>dioribus</span> <span class='ocrx_word' id='word_1_31' title='bbox 543 658 602 704; x_wconf 91' lang='lat' dir='ltr'>in</span> <span class='ocrx_word' id='word_1_32' title='bbox 631 665 673 699; x_wconf 72' lang='grc'><strong>,3.</strong></span> <span class='ocrx_word' id='word_1_33' title='bbox 699 655 838 712; x_wconf 88' lang='lat' dir='ltr'>abit,</span> <span class='ocrx_word' id='word_1_34' title='bbox 878 653 1025 718; x_wconf 88' lang='lat' dir='ltr'>quod</span> <span class='ocrx_word' id='word_1_35' title='bbox 1048 656 1214 701; x_wconf 84' lang='lat' dir='ltr'>etiam</span> <span class='ocrx_word' id='word_1_36' title='bbox 1239 654 1296 700; x_wconf 80' lang='lat' dir='ltr'>fit</span> <span class='ocrx_word' id='word_1_37' title='bbox 1319 656 1377 701; x_wconf 88' lang='lat' dir='ltr'>in</span> <span class='ocrx_word' id='word_1_38' title='bbox 1407 654 1538 701; x_wconf 84' lang='lat' dir='ltr'>locis</span> <span class='ocrx_word' id='word_1_39' title='bbox 1576 653 1800 701; x_wconf 80' lang='lat' dir='ltr'>inferal-</span> 
     </span>
     <span class='ocr_line' id='line_1_7' title="bbox 273 721 1801 790; baseline -0.002 -19"><span class='ocrx_word' id='word_1_40' title='bbox 273 725 416 789; x_wconf 85' lang='lat' dir='ltr'>pinis</span> <span class='ocrx_word' id='word_1_41' title='bbox 441 741 534 790; x_wconf 91' lang='lat' dir='ltr'>per</span> <span class='ocrx_word' id='word_1_42' title='bbox 560 740 789 772; x_wconf 84' lang='lat' dir='ltr'>omnem</span> <span class='ocrx_word' id='word_1_43' title='bbox 825 721 1218 770; x_wconf 85' lang='lat' dir='ltr'>Nordlandiam</span> <span class='ocrx_word' id='word_1_44' title='bbox 1253 722 1458 786; x_wconf 84' lang='lat' dir='ltr'>ubique</span> <span class='ocrx_word' id='word_1_45' title='bbox 1492 721 1801 784; x_wconf 83' lang='lat' dir='ltr'>frequenter</span> 
     </span>
     <span class='ocr_line' id='line_1_8' title="bbox 276 789 1797 855; baseline -0.003 -15"><span class='ocrx_word' id='word_1_46' title='bbox 276 804 330 840; x_wconf 89' lang='lat' dir='ltr'>et</span> <span class='ocrx_word' id='word_1_47' title='bbox 360 793 731 840; x_wconf 84' lang='lat' dir='ltr'>Finmarkiam</span> <span class='ocrx_word' id='word_1_48' title='bbox 766 791 1025 839; x_wconf 89' lang='lat' dir='ltr'>intimam</span> <span class='ocrx_word' id='word_1_49' title='bbox 1061 806 1237 855; x_wconf 86' lang='lat' dir='ltr'>usque</span> <span class='ocrx_word' id='word_1_50' title='bbox 1265 790 1328 837; x_wconf 85' lang='lat' dir='ltr'>ad</span> <span class='ocrx_word' id='word_1_51' title='bbox 1358 790 1612 836; x_wconf 80' lang='lat' dir='ltr'>Kistrand</span> <span class='ocrx_word' id='word_1_52' title='bbox 1636 789 1797 836; x_wconf 84' lang='lat' dir='ltr'>Pors-</span> 
     </span>
     <span class='ocr_line' id='line_1_9' title="bbox 272 856 1797 926; baseline -0.003 -19"><span class='ocrx_word' id='word_1_53' title='bbox 272 865 473 926; x_wconf 79' lang='lat' dir='ltr'>angriae</span> <span class='ocrx_word' id='word_1_54' title='bbox 507 873 559 910; x_wconf 88' lang='lat' dir='ltr'>et</span> <span class='ocrx_word' id='word_1_55' title='bbox 590 863 800 909; x_wconf 77' lang='lat' dir='ltr'>exitum</span> <span class='ocrx_word' id='word_1_56' title='bbox 833 860 1082 907; x_wconf 84' lang='lat' dir='ltr'>fluminis</span> <span class='ocrx_word' id='word_1_57' title='bbox 1107 860 1272 907; x_wconf 83' lang='lat' dir='ltr'><strong>Tana.</strong></span> <span class='ocrx_word' id='word_1_58' title='bbox 1345 859 1440 905; x_wconf 86' lang='lat' dir='ltr'>Est</span> <span class='ocrx_word' id='word_1_59' title='bbox 1464 859 1609 905; x_wconf 86' lang='lat' dir='ltr'>inter</span> <span class='ocrx_word' id='word_1_60' title='bbox 1632 856 1797 922; x_wconf 77' lang='lat' dir='ltr'>frigo-</span> 
     </span>
     <span class='ocr_line' id='line_1_10' title="bbox 272 922 1800 994; baseline -0.002 -19"><span class='ocrx_word' id='word_1_61' title='bbox 272 930 343 976; x_wconf 85' lang='lat' dir='ltr'>ris</span> <span class='ocrx_word' id='word_1_62' title='bbox 379 931 809 994; x_wconf 80' lang='lat' dir='ltr'>impatientiores</span> <span class='ocrx_word' id='word_1_63' title='bbox 858 928 1072 977; x_wconf 87' lang='lat' dir='ltr'>arbores</span> <span class='ocrx_word' id='word_1_64' title='bbox 1114 944 1244 976; x_wconf 86' lang='lat' dir='ltr'>cum</span> <span class='ocrx_word' id='word_1_65' title='bbox 1277 922 1448 974; x_wconf 82' lang='lat' dir='ltr'>Pado</span> <span class='ocrx_word' id='word_1_66' title='bbox 1485 941 1617 973; x_wconf 77' lang='lat' dir='ltr'>mox</span> <span class='ocrx_word' id='word_1_67' title='bbox 1638 941 1800 990; x_wconf 80' lang='lat' dir='ltr'>supra</span> 
     </span>
     <span class='ocr_line' id='line_1_11' title="bbox 270 996 785 1046; baseline 0 -2"><span class='ocrx_word' id='word_1_68' title='bbox 270 996 477 1044; x_wconf 84' lang='lat' dir='ltr'>Pinum</span> <span class='ocrx_word' id='word_1_69' title='bbox 505 998 785 1046; x_wconf 76' lang='lat' dir='ltr'>desistens.</span> 
     </span>
    </p>

    <p class='ocr_par' dir='ltr' id='par_1_3' title="bbox 199 1062 1871 1739">
     <span class='ocr_line' id='line_1_12' title="bbox 331 1062 1800 1124; baseline -0.003 -12"><span class='ocrx_word' id='word_1_70' title='bbox 331 1067 391 1112; x_wconf 90' lang='lat' dir='ltr'>ln</span> <span class='ocrx_word' id='word_1_71' title='bbox 421 1066 740 1113; x_wconf 83' lang='lat' dir='ltr'>Norrlandia</span> <span class='ocrx_word' id='word_1_72' title='bbox 772 1066 976 1113; x_wconf 81' lang='lat' dir='ltr'>svecica</span> <span class='ocrx_word' id='word_1_73' title='bbox 994 1098 1008 1124; x_wconf 96' lang='lat'>,</span> <span class='ocrx_word' id='word_1_74' title='bbox 1037 1064 1136 1113; x_wconf 89' lang='lat' dir='ltr'>ubi</span> <span class='ocrx_word' id='word_1_75' title='bbox 1159 1064 1344 1113; x_wconf 87' lang='lat' dir='ltr'>crescit</span> <span class='ocrx_word' id='word_1_76' title='bbox 1366 1063 1499 1111; x_wconf 88' lang='lat' dir='ltr'>locis</span> <span class='ocrx_word' id='word_1_77' title='bbox 1521 1062 1800 1110; x_wconf 87' lang='lat' dir='ltr'>montanis</span> 
     </span>
     <span class='ocr_line' id='line_1_13' title="bbox 206 1131 1802 1195; baseline -0.003 -15"><span class='ocrx_word' id='word_1_78' title='bbox 206 1133 550 1193; x_wconf 73' lang='lat' dir='ltr'>siccioribus,</span> <span class='ocrx_word' id='word_1_79' title='bbox 588 1134 713 1181; x_wconf 78' lang='lat' dir='ltr'>folia</span> <span class='ocrx_word' id='word_1_80' title='bbox 750 1133 910 1181; x_wconf 81' lang='lat' dir='ltr'>habet</span> <span class='ocrx_word' id='word_1_81' title='bbox 942 1133 1097 1187; x_wconf 81' lang='lat' dir='ltr'>valde</span> <span class='ocrx_word' id='word_1_82' title='bbox 1126 1136 1314 1181; x_wconf 85' lang='lat' dir='ltr'>incana</span> <span class='ocrx_word' id='word_1_83' title='bbox 1347 1142 1399 1180; x_wconf 85' lang='lat' dir='ltr'>et</span> <span class='ocrx_word' id='word_1_84' title='bbox 1430 1131 1802 1195; x_wconf 65' lang='lat' dir='ltr'>pubescentia,</span> 
     </span>
     <span class='ocr_line' id='line_1_14' title="bbox 205 1200 1802 1267; baseline -0.002 -19"><span class='ocrx_word' id='word_1_85' title='bbox 205 1202 486 1267; x_wconf 85' lang='lat' dir='ltr'>simulque</span> <span class='ocrx_word' id='word_1_86' title='bbox 511 1204 875 1258; x_wconf 82' lang='lat' dir='ltr'>accuminata3</span> <span class='ocrx_word' id='word_1_87' title='bbox 916 1202 1008 1250; x_wconf 86' lang='lat' dir='ltr'>sed</span> <span class='ocrx_word' id='word_1_88' title='bbox 1035 1219 1142 1266; x_wconf 89' lang='lat' dir='ltr'>quo</span> <span class='ocrx_word' id='word_1_89' title='bbox 1166 1202 1337 1266; x_wconf 82' lang='lat' dir='ltr'>magis</span> <span class='ocrx_word' id='word_1_90' title='bbox 1362 1200 1802 1263; x_wconf 85' lang='lat' dir='ltr'>septentrionem</span> 
     </span>
     <span class='ocr_line' id='line_1_15' title="bbox 201 1267 1800 1335; baseline -0.002 -20"><span class='ocrx_word' id='word_1_91' title='bbox 201 1284 389 1317; x_wconf 78' lang='lat' dir='ltr'>versus</span> <span class='ocrx_word' id='word_1_92' title='bbox 424 1271 694 1334; x_wconf 77' lang='lat' dir='ltr'>procedit,</span> <span class='ocrx_word' id='word_1_93' title='bbox 734 1287 795 1318; x_wconf 90' lang='lat' dir='ltr'>eo</span> <span class='ocrx_word' id='word_1_94' title='bbox 829 1272 999 1335; x_wconf 70' lang='lat' dir='ltr'>magis</span> <span class='ocrx_word' id='word_1_95' title='bbox 1036 1272 1094 1317; x_wconf 90' lang='lat' dir='ltr'>in</span> <span class='ocrx_word' id='word_1_96' title='bbox 1130 1268 1537 1316; x_wconf 82' lang='lat' dir='ltr'>humidioribus</span> <span class='ocrx_word' id='word_1_97' title='bbox 1578 1267 1800 1314; x_wconf 84' lang='lat' dir='ltr'>descen-</span> 
     </span>
     <span class='ocr_line' id='line_1_16' title="bbox 201 1335 1799 1404; baseline -0.003 -20"><span class='ocrx_word' id='word_1_98' title='bbox 201 1337 283 1384; x_wconf 88' lang='lat' dir='ltr'>dit</span> <span class='ocrx_word' id='word_1_99' title='bbox 312 1351 363 1385; x_wconf 91' lang='lat' dir='ltr'>et</span> <span class='ocrx_word' id='word_1_100' title='bbox 391 1339 615 1385; x_wconf 78' lang='lat' dir='ltr'>viridior</span> <span class='ocrx_word' id='word_1_101' title='bbox 640 1338 983 1404; x_wconf 83' lang='lat' dir='ltr'>glabriorque</span> <span class='ocrx_word' id='word_1_102' title='bbox 1008 1338 1216 1395; x_wconf 83' lang='lat' dir='ltr'>evadit,</span> <span class='ocrx_word' id='word_1_103' title='bbox 1257 1337 1387 1383; x_wconf 83' lang='lat' dir='ltr'>adeo</span> <span class='ocrx_word' id='word_1_104' title='bbox 1414 1346 1477 1382; x_wconf 80' lang='lat' dir='ltr'>ut</span> <span class='ocrx_word' id='word_1_105' title='bbox 1504 1336 1560 1382; x_wconf 88' lang='lat' dir='ltr'>in</span> <span class='ocrx_word' id='word_1_106' title='bbox 1590 1335 1799 1398; x_wconf 86' lang='lat' dir='ltr'>Lappo-</span> 
     </span>
     <span class='ocr_line' id='line_1_17' title="bbox 199 1400 1798 1471; baseline -0.003 -19"><span class='ocrx_word' id='word_1_107' title='bbox 199 1407 292 1452; x_wconf 83' lang='lat' dir='ltr'>nia</span> <span class='ocrx_word' id='word_1_108' title='bbox 316 1407 644 1471; x_wconf 86' lang='lat' dir='ltr'>plerumque</span> <span class='ocrx_word' id='word_1_109' title='bbox 670 1406 864 1454; x_wconf 89' lang='lat' dir='ltr'>eodem</span> <span class='ocrx_word' id='word_1_110' title='bbox 889 1407 1004 1453; x_wconf 86' lang='lat' dir='ltr'>solo</span> <span class='ocrx_word' id='word_1_111' title='bbox 1031 1407 1268 1453; x_wconf 90' lang='lat' dir='ltr'>occurrit</span> <span class='ocrx_word' id='word_1_112' title='bbox 1302 1420 1359 1452; x_wconf 83' lang='lat' dir='ltr'>ac</span> <span class='ocrx_word' id='word_1_113' title='bbox 1393 1401 1587 1450; x_wconf 79' lang='lat' dir='ltr'>Alnus</span> <span class='ocrx_word' id='word_1_114' title='bbox 1619 1400 1798 1469; x_wconf 75' lang='lat' dir='ltr'>gluti-</span> 
     </span>
     <span class='ocr_line' id='line_1_18' title="bbox 202 1472 1801 1539; baseline -0.003 -18"><span class='ocrx_word' id='word_1_115' title='bbox 202 1490 346 1522; x_wconf 78' lang='lat' dir='ltr'>nosa</span> <span class='ocrx_word' id='word_1_116' title='bbox 381 1475 519 1539; x_wconf 85' lang='lat' dir='ltr'>apud</span> <span class='ocrx_word' id='word_1_117' title='bbox 560 1491 659 1522; x_wconf 85' lang='lat' dir='ltr'>nos</span> <span class='ocrx_word' id='word_1_118' title='bbox 699 1486 751 1523; x_wconf 92' lang='lat' dir='ltr'>et</span> <span class='ocrx_word' id='word_1_119' title='bbox 791 1488 899 1521; x_wconf 85' lang='lat' dir='ltr'>tam</span> <span class='ocrx_word' id='word_1_120' title='bbox 942 1474 1124 1521; x_wconf 72' lang='lat' dir='ltr'>viridis</span> <span class='ocrx_word' id='word_1_121' title='bbox 1171 1484 1250 1520; x_wconf 92' lang='lat' dir='ltr'>est</span> <span class='ocrx_word' id='word_1_122' title='bbox 1292 1483 1355 1519; x_wconf 88' lang='lat' dir='ltr'>ut</span> <span class='ocrx_word' id='word_1_123' title='bbox 1397 1472 1801 1518; x_wconf 75' lang='lat' dir='ltr'>observatorem</span> 
     </span>
     <span class='ocr_line' id='line_1_19' title="bbox 201 1539 1871 1608; baseline -0.002 -20"><span class='ocrx_word' id='word_1_124' title='bbox 201 1541 313 1591; x_wconf 80' lang='lat' dir='ltr'>fere</span> <span class='ocrx_word' id='word_1_125' title='bbox 339 1545 548 1608; x_wconf 85' lang='lat' dir='ltr'>decipit.</span> <span class='ocrx_word' id='word_1_126' title='bbox 595 1544 735 1590; x_wconf 66' lang='lat' dir='ltr'>Sunt</span> <span class='ocrx_word' id='word_1_127' title='bbox 764 1558 889 1589; x_wconf 85' lang='lat' dir='ltr'>vero</span> <span class='ocrx_word' id='word_1_128' title='bbox 919 1541 1044 1589; x_wconf 76' lang='lat' dir='ltr'>folia</span> <span class='ocrx_word' id='word_1_129' title='bbox 1072 1542 1172 1589; x_wconf 82' lang='lat' dir='ltr'>sub</span> <span class='ocrx_word' id='word_1_130' title='bbox 1200 1542 1373 1604; x_wconf 84' lang='lat' dir='ltr'>prima</span> <span class='ocrx_word' id='word_1_131' title='bbox 1401 1539 1629 1587; x_wconf 80' lang='lat' dir='ltr'>infantia</span> <span class='ocrx_word' id='word_1_132' title='bbox 1656 1554 1799 1585; x_wconf 88' lang='lat' dir='ltr'>sem-</span> <span class='ocrx_word' id='word_1_133' title='bbox 1868 1552 1871 1554; x_wconf 70' lang='grc'>’</span> 
     </span>
     <span class='ocr_line' id='line_1_20' title="bbox 201 1609 1800 1677; baseline -0.003 -19"><span class='ocrx_word' id='word_1_134' title='bbox 201 1627 297 1675; x_wconf 88' lang='lat' dir='ltr'>per</span> <span class='ocrx_word' id='word_1_135' title='bbox 328 1612 679 1677; x_wconf 79' lang='lat' dir='ltr'>pubescentia</span> <span class='ocrx_word' id='word_1_136' title='bbox 722 1613 994 1676; x_wconf 75' lang='lat' dir='ltr'>praecipue</span> <span class='ocrx_word' id='word_1_137' title='bbox 1040 1610 1215 1671; x_wconf 81' lang='lat' dir='ltr'>quoad</span> <span class='ocrx_word' id='word_1_138' title='bbox 1259 1609 1490 1673; x_wconf 87' lang='lat' dir='ltr'>petiolos</span> <span class='ocrx_word' id='word_1_139' title='bbox 1531 1617 1581 1654; x_wconf 88' lang='lat' dir='ltr'>et</span> <span class='ocrx_word' id='word_1_140' title='bbox 1614 1622 1800 1664; x_wconf 74' lang='lat' dir='ltr'>venas,</span> 
     </span>
     <span class='ocr_line' id='line_1_21' title="bbox 201 1679 1800 1739; baseline -0.003 -12"><span class='ocrx_word' id='word_1_141' title='bbox 201 1681 453 1727; x_wconf 83' lang='lat' dir='ltr'>multum</span> <span class='ocrx_word' id='word_1_142' title='bbox 510 1680 756 1727; x_wconf 81' lang='lat' dir='ltr'>tenuiora</span> <span class='ocrx_word' id='word_1_143' title='bbox 807 1689 859 1725; x_wconf 82' lang='lat' dir='ltr'>et</span> <span class='ocrx_word' id='word_1_144' title='bbox 914 1679 1194 1732; x_wconf 84' lang='lat' dir='ltr'>molliora;</span> <span class='ocrx_word' id='word_1_145' title='bbox 1256 1690 1548 1739; x_wconf 87' lang='lat' dir='ltr'>nunquam</span> <span class='ocrx_word' id='word_1_146' title='bbox 1608 1686 1800 1722; x_wconf 83' lang='lat' dir='ltr'>retusa.</span> 
     </span>
    </p>

    <p class='ocr_par' dir='ltr' id='par_1_4' title="bbox 199 1743 1800 1810">
     <span class='ocr_line' id='line_1_22' title="bbox 199 1743 1800 1810; baseline -0.004 -15"><span class='ocrx_word' id='word_1_147' title='bbox 199 1747 363 1796; x_wconf 76' lang='lat' dir='ltr'>Venae</span> <span class='ocrx_word' id='word_1_148' title='bbox 387 1749 652 1796; x_wconf 84' lang='lat' dir='ltr'>foliorum</span> <span class='ocrx_word' id='word_1_149' title='bbox 682 1746 791 1793; x_wconf 86' lang='lat' dir='ltr'>fere</span> <span class='ocrx_word' id='word_1_150' title='bbox 819 1748 992 1810; x_wconf 80' lang='lat' dir='ltr'>magis</span> <span class='ocrx_word' id='word_1_151' title='bbox 1030 1744 1350 1793; x_wconf 68' lang='lat' dir='ltr'>rubicundae</span> <span class='ocrx_word' id='word_1_152' title='bbox 1385 1746 1444 1789; x_wconf 83' lang='lat' dir='ltr'>in</span> <span class='ocrx_word' id='word_1_153' title='bbox 1473 1759 1580 1789; x_wconf 81' lang='lat' dir='ltr'>var.</span> <span class='ocrx_word' id='word_1_154' title='bbox 1614 1743 1800 1805; x_wconf 80' lang='lat' dir='ltr'>lappo-</span> 
     </span>
    </p>

    <p class='ocr_par' dir='ltr' id='par_1_5' title="bbox 199 1811 1799 1876">
     <span class='ocr_line' id='line_1_23' title="bbox 199 1811 1799 1876; baseline -0.003 -13"><span class='ocrx_word' id='word_1_155' title='bbox 199 1818 320 1864; x_wconf 88' lang='lat' dir='ltr'>nica</span> <span class='ocrx_word' id='word_1_156' title='bbox 344 1817 666 1871; x_wconf 77' lang='lat' dir='ltr'>virescenti,</span> <span class='ocrx_word' id='word_1_157' title='bbox 707 1828 872 1876; x_wconf 78' lang='lat' dir='ltr'>quani</span> <span class='ocrx_word' id='word_1_158' title='bbox 893 1816 952 1859; x_wconf 83' lang='lat' dir='ltr'>in</span> <span class='ocrx_word' id='word_1_159' title='bbox 981 1813 1189 1876; x_wconf 73' lang='lat' dir='ltr'>vulgari</span> <span class='ocrx_word' id='word_1_160' title='bbox 1217 1813 1417 1875; x_wconf 71' lang='lat' dir='ltr'>glauca.</span> <span class='ocrx_word' id='word_1_161' title='bbox 1480 1811 1606 1857; x_wconf 78' lang='lat' dir='ltr'>Haec</span> <span class='ocrx_word' id='word_1_162' title='bbox 1629 1812 1799 1858; x_wconf 82' lang='lat' dir='ltr'>varie-</span> 
     </span>
    </p>

    <p class='ocr_par' dir='ltr' id='par_1_6' title="bbox 200 1878 1799 1999">
     <span class='ocr_line' id='line_1_24' title="bbox 200 1878 1799 1945; baseline -0.003 -15"><span class='ocrx_word' id='word_1_163' title='bbox 200 1894 277 1930; x_wconf 88' lang='lat' dir='ltr'>tas</span> <span class='ocrx_word' id='word_1_164' title='bbox 316 1886 586 1930; x_wconf 78' lang='lat' dir='ltr'>virescens</span> <span class='ocrx_word' id='word_1_165' title='bbox 625 1882 798 1926; x_wconf 80' lang='lat' dir='ltr'>axillis</span> <span class='ocrx_word' id='word_1_166' title='bbox 843 1895 1113 1927; x_wconf 86' lang='lat' dir='ltr'>venarum</span> <span class='ocrx_word' id='word_1_167' title='bbox 1148 1880 1313 1927; x_wconf 84' lang='lat' dir='ltr'>nudis</span> <span class='ocrx_word' id='word_1_168' title='bbox 1341 1889 1480 1928; x_wconf 89' lang='lat' dir='ltr'>certe</span> <span class='ocrx_word' id='word_1_169' title='bbox 1508 1878 1799 1945; x_wconf 79' lang='lat' dir='ltr'>distingui-</span> 
     </span>
     <span class='ocr_line' id='line_1_25' title="bbox 202 1943 948 1999; baseline -0.004 -2"><span class='ocrx_word' id='word_1_170' title='bbox 202 1961 295 1999; x_wconf 85' lang='lat' dir='ltr'>tur</span> <span class='ocrx_word' id='word_1_171' title='bbox 317 1950 380 1998; x_wconf 89' lang='lat' dir='ltr'>ab</span> <span class='ocrx_word' id='word_1_172' title='bbox 407 1944 488 1996; x_wconf 89' lang='lat' dir='ltr'>A.</span> <span class='ocrx_word' id='word_1_173' title='bbox 515 1943 689 1995; x_wconf 67' lang='lat' dir='ltr'>viridi</span> <span class='ocrx_word' id='word_1_174' title='bbox 717 1944 948 1995; x_wconf 69' lang='lat' dir='ltr'>Villars.</span> 
     </span>
    </p>
   </div>
   <div class='ocr_carea' id='block_1_3' title="bbox 630 2090 1227 2143">
    <p class='ocr_par' dir='ltr' id='par_1_7' title="bbox 630 2090 1227 2143">
     <span class='ocr_line' id='line_1_26' title="bbox 630 2090 1227 2143; baseline 0.003 -4"><span class='ocrx_word' id='word_1_175' title='bbox 630 2090 1227 2143; x_wconf 82' lang='lat' dir='ltr'>·URTICA.</span> 
     </span>
    </p>
   </div>
   <div class='ocr_carea' id='block_1_4' title="bbox 188 2196 1744 2312">
    <p class='ocr_par' dir='ltr' id='par_1_8' title="bbox 188 2196 1744 2312">
     <span class='ocr_line' id='line_1_27' title="bbox 188 2196 1744 2298; baseline -0.004 -54"><span class='ocrx_word' id='word_1_176' title='bbox 188 2201 298 2244; x_wconf 84' lang='lat' dir='ltr'>Gen.</span> <span class='ocrx_word' id='word_1_177' title='bbox 322 2201 471 2256; x_wconf 82' lang='lat' dir='ltr'>plant.</span> <span class='ocrx_word' id='word_1_178' title='bbox 501 2199 571 2240; x_wconf 80' lang='lat' dir='ltr'>ed.</span> <span class='ocrx_word' id='word_1_179' title='bbox 605 2196 781 2241; x_wconf 83' lang='lat' dir='ltr'>Sclzreb.</span> <span class='ocrx_word' id='word_1_180' title='bbox 807 2214 853 2239; x_wconf 90' lang='lat' dir='ltr'>n.</span> <span class='ocrx_word' id='word_1_181' title='bbox 882 2205 1005 2298; x_wconf 53' lang='grc'><strong>14322.</strong></span> <span class='ocrx_word' id='word_1_182' title='bbox 1070 2200 1232 2241; x_wconf 85' lang='lat' dir='ltr'>Goertn.</span> <span class='ocrx_word' id='word_1_183' title='bbox 1258 2197 1470 2255; x_wconf 78' lang='lat' dir='ltr'>defruct.</span> <span class='ocrx_word' id='word_1_184' title='bbox 1495 2209 1538 2240; x_wconf 86' lang='lat'>2.</span> <span class='ocrx_word' id='word_1_185' title='bbox 1573 2211 1620 2254; x_wconf 78' lang='lat' dir='ltr'>p.</span> <span class='ocrx_word' id='word_1_186' title='bbox 1649 2204 1744 2251; x_wconf 80' lang='lat'>183.</span> 
     </span>
     <span class='ocr_line' id='line_1_28' title="bbox 869 2269 1077 2312; baseline -0.005 -14"><span class='ocrx_word' id='word_1_187' title='bbox 869 2269 912 2298; x_wconf 83' lang='lat' dir='ltr'>ta</span> <span class='ocrx_word' id='word_1_188' title='bbox 949 2287 959 2297; x_wconf 90' lang='lat'>.</span> <span class='ocrx_word' id='word_1_189' title='bbox 982 2269 1077 2312; x_wconf 79' lang='grc'><strong>119.</strong></span> 
     </span>
    </p>
   </div>
   <div class='ocr_carea' id='block_1_5' title="bbox 128 2333 1808 3379">
    <p class='ocr_par' dir='ltr' id='par_1_9' title="bbox 128 2333 1799 2536">
     <span class='ocr_line' id='line_1_29' title="bbox 128 2333 1799 2415; baseline -0.002 -15"><span class='ocrx_word' id='word_1_190' title='bbox 128 2348 246 2415; x_wconf 80' lang='grc'><strong>462.</strong></span> <span class='ocrx_word' id='word_1_191' title='bbox 284 2348 554 2400; x_wconf 78' lang='lat' dir='ltr'>URTICA</span> <span class='ocrx_word' id='word_1_192' title='bbox 580 2366 778 2398; x_wconf 82' lang='lat' dir='ltr'>urens:</span> <span class='ocrx_word' id='word_1_193' title='bbox 817 2349 962 2397; x_wconf 71' lang='lat' dir='ltr'>soliis</span> <span class='ocrx_word' id='word_1_194' title='bbox 988 2333 1253 2415; x_wconf 83' lang='lat' dir='ltr'>oppositis</span> <span class='ocrx_word' id='word_1_195' title='bbox 1279 2348 1526 2397; x_wconf 78' lang='lat' dir='ltr'>ovalibus</span> <span class='ocrx_word' id='word_1_196' title='bbox 1551 2349 1799 2397; x_wconf 83' lang='lat' dir='ltr'>nervosis</span> 
     </span>
     <span class='ocr_line' id='line_1_30' title="bbox 332 2417 1793 2485; baseline -0.001 -19"><span class='ocrx_word' id='word_1_197' title='bbox 332 2418 608 2485; x_wconf 80' lang='lat' dir='ltr'>profunde</span> <span class='ocrx_word' id='word_1_198' title='bbox 655 2420 898 2479; x_wconf 86' lang='lat' dir='ltr'>serratis,</span> <span class='ocrx_word' id='word_1_199' title='bbox 955 2421 1184 2468; x_wconf 81' lang='lat' dir='ltr'>racemis</span> <span class='ocrx_word' id='word_1_200' title='bbox 1234 2417 1548 2483; x_wconf 78' lang='lat' dir='ltr'>glomeratis</span> <span class='ocrx_word' id='word_1_201' title='bbox 1585 2417 1793 2482; x_wconf 86' lang='lat' dir='ltr'>petiolo</span> 
     </span>
     <span class='ocr_line' id='line_1_31' title="bbox 334 2487 698 2536; baseline -0.008 0"><span class='ocrx_word' id='word_1_202' title='bbox 334 2487 698 2536; x_wconf 79' lang='lat' dir='ltr'>brevioribus.</span> 
     </span>
    </p>

    <p class='ocr_par' dir='ltr' id='par_1_10' title="bbox 267 2553 1802 2759">
     <span class='ocr_line' id='line_1_32' title="bbox 267 2553 1802 2620; baseline -0.003 -15"><span class='ocrx_word' id='word_1_203' title='bbox 267 2557 330 2605; x_wconf 90' lang='lat' dir='ltr'>U.</span> <span class='ocrx_word' id='word_1_204' title='bbox 379 2572 544 2604; x_wconf 88' lang='lat' dir='ltr'>urens</span> <span class='ocrx_word' id='word_1_205' title='bbox 594 2555 768 2603; x_wconf 73' lang='lat' dir='ltr'>Lirm.</span> <span class='ocrx_word' id='word_1_206' title='bbox 816 2571 956 2604; x_wconf 76' lang='lat' dir='ltr'>svec.</span> <span class='ocrx_word' id='word_1_207' title='bbox 1004 2573 1062 2604; x_wconf 92' lang='grc'>11.</span> <span class='ocrx_word' id='word_1_208' title='bbox 1110 2553 1229 2616; x_wconf 81' lang='grc'><strong>862.</strong></span> <span class='ocrx_word' id='word_1_209' title='bbox 1302 2553 1359 2602; x_wconf 82' lang='lat' dir='ltr'>Za</span> <span class='ocrx_word' id='word_1_210' title='bbox 1402 2570 1538 2620; x_wconf 81' lang='lat' dir='ltr'>pon.</span> <span class='ocrx_word' id='word_1_211' title='bbox 1589 2571 1645 2602; x_wconf 90' lang='lat' dir='ltr'>n.</span> <span class='ocrx_word' id='word_1_212' title='bbox 1684 2562 1802 2616; x_wconf 74' lang='lat'>575.</span> 
     </span>
     <span class='ocr_line' id='line_1_33' title="bbox 402 2620 1800 2691; baseline -0.003 -20"><span class='ocrx_word' id='word_1_213' title='bbox 402 2621 576 2691; x_wconf 74' lang='lat' dir='ltr'>Engl.</span> <span class='ocrx_word' id='word_1_214' title='bbox 602 2622 713 2671; x_wconf 70' lang='lat' dir='ltr'>bot.</span> <span class='ocrx_word' id='word_1_215' title='bbox 757 2631 833 2682; x_wconf 77' lang='grc'>18.</span> <span class='ocrx_word' id='word_1_216' title='bbox 870 2635 906 2671; x_wconf 87' lang='lat' dir='ltr'>t.</span> <span class='ocrx_word' id='word_1_217' title='bbox 941 2623 1085 2686; x_wconf 79' lang='lat'>1256.</span> <span class='ocrx_word' id='word_1_218' title='bbox 1157 2620 1335 2691; x_wconf 77' lang='lat' dir='ltr'>Liglzc</span> <span class='ocrx_word' id='word_1_219' title='bbox 1369 2620 1380 2671; x_wconf 71' lang='grc' dir='ltr'>ζ</span> <span class='ocrx_word' id='word_1_220' title='bbox 1415 2635 1553 2670; x_wconf 80' lang='lat' dir='ltr'>scoc.</span> <span class='ocrx_word' id='word_1_221' title='bbox 1584 2639 1636 2687; x_wconf 90' lang='lat' dir='ltr'>p.</span> <span class='ocrx_word' id='word_1_222' title='bbox 1683 2630 1800 2684; x_wconf 77' lang='lat'>573.</span> 
     </span>
     <span class='ocr_line' id='line_1_34' title="bbox 409 2688 1800 2759; baseline -0.003 -19"><span class='ocrx_word' id='word_1_223' title='bbox 409 2689 594 2741; x_wconf 72' lang='lat' dir='ltr'>Olavs.</span> <span class='ocrx_word' id='word_1_224' title='bbox 646 2694 708 2740; x_wconf 79' lang='lat' dir='ltr'>ic.</span> <span class='ocrx_word' id='word_1_225' title='bbox 749 2689 956 2742; x_wconf 78' lang='lat' dir='ltr'>island.</span> <span class='ocrx_word' id='word_1_226' title='bbox 1005 2711 1058 2759; x_wconf 87' lang='lat' dir='ltr'>p.</span> <span class='ocrx_word' id='word_1_227' title='bbox 1106 2702 1225 2757; x_wconf 78' lang='grc'><strong>455.</strong></span> <span class='ocrx_word' id='word_1_228' title='bbox 1319 2689 1503 2739; x_wconf 85' lang='lat' dir='ltr'>Gmel.</span> <span class='ocrx_word' id='word_1_229' title='bbox 1551 2688 1719 2755; x_wconf 48' lang='lat' dir='ltr'>sibir„</span> <span class='ocrx_word' id='word_1_230' title='bbox 1750 2701 1800 2753; x_wconf 79' lang='lat'>5.</span> 
     </span>
    </p>

    <p class='ocr_par' dir='ltr' id='par_1_11' title="bbox 199 2768 1806 2964">
     <span class='ocr_line' id='line_1_35' title="bbox 450 2768 790 2820; baseline -0.012 -10"><span class='ocrx_word' id='word_1_231' title='bbox 450 2797 461 2810; x_wconf 91' lang='lat'>.</span> <span class='ocrx_word' id='word_1_232' title='bbox 536 2777 582 2808; x_wconf 77' lang='grc'>0.</span> <span class='ocrx_word' id='word_1_233' title='bbox 616 2777 672 2809; x_wconf 91' lang='lat' dir='ltr'>n.</span> <span class='ocrx_word' id='word_1_234' title='bbox 714 2768 790 2820; x_wconf 78' lang='lat'>¹8·</span> 
     </span>
     <span class='ocr_line' id='line_1_36' title="bbox 199 2773 1806 2895; baseline -0.003 -16"><span class='ocrx_word' id='word_1_235' title='bbox 199 2773 612 2879; x_wconf 55' lang='lat' dir='ltr'>Hab.inpc1i7,ltis</span> <span class='ocrx_word' id='word_1_236' title='bbox 651 2830 1064 2893; x_wconf 84' lang='lat' dir='ltr'>Lapponiarum</span> <span class='ocrx_word' id='word_1_237' title='bbox 1100 2831 1364 2880; x_wconf 86' lang='lat' dir='ltr'>omnium</span> <span class='ocrx_word' id='word_1_238' title='bbox 1393 2828 1599 2895; x_wconf 86' lang='lat' dir='ltr'>passim</span> <span class='ocrx_word' id='word_1_239' title='bbox 1631 2840 1806 2891; x_wconf 89' lang='lat' dir='ltr'>usque</span> 
     </span>
     <span class='ocr_line' id='line_1_37' title="bbox 275 2898 1628 2964; baseline 0 -18"><span class='ocrx_word' id='word_1_240' title='bbox 275 2900 339 2963; x_wconf 77' lang='lat' dir='ltr'>ad</span> <span class='ocrx_word' id='word_1_241' title='bbox 363 2901 612 2964; x_wconf 84' lang='lat' dir='ltr'>regiones</span> <span class='ocrx_word' id='word_1_242' title='bbox 639 2898 969 2962; x_wconf 81' lang='lat' dir='ltr'>subalpinas.</span> <span class='ocrx_word' id='word_1_243' title='bbox 1623 2915 1628 2917; x_wconf 62' lang='grc'><strong><em>’</em></strong></span> 
     </span>
    </p>

    <p class='ocr_par' dir='ltr' id='par_1_12' title="bbox 132 2963 1802 3100">
     <span class='ocr_line' id='line_1_38' title="bbox 132 2963 1802 3033; baseline -0.002 -17"><span class='ocrx_word' id='word_1_244' title='bbox 132 2966 251 3032; x_wconf 72' lang='grc'><strong>465.</strong></span> <span class='ocrx_word' id='word_1_245' title='bbox 290 2966 563 3015; x_wconf 83' lang='lat' dir='ltr'><strong>URTICA</strong></span> <span class='ocrx_word' id='word_1_246' title='bbox 584 2963 813 3014; x_wconf 78' lang='lat' dir='ltr'>dioica:</span> <span class='ocrx_word' id='word_1_247' title='bbox 853 2966 994 3016; x_wconf 81' lang='lat' dir='ltr'>foliis</span> <span class='ocrx_word' id='word_1_248' title='bbox 1017 2967 1282 3033; x_wconf 85' lang='lat' dir='ltr'>oppositis</span> <span class='ocrx_word' id='word_1_249' title='bbox 1310 2963 1538 3014; x_wconf 83' lang='lat' dir='ltr'>cordatis</span> <span class='ocrx_word' id='word_1_250' title='bbox 1565 2963 1802 3024; x_wconf 85' lang='lat' dir='ltr'>serratis,</span> 
     </span>
     <span class='ocr_line' id='line_1_39' title="bbox 338 3032 1733 3100; baseline -0.003 -16"><span class='ocrx_word' id='word_1_251' title='bbox 338 3036 562 3084; x_wconf 86' lang='lat' dir='ltr'>racemis</span> <span class='ocrx_word' id='word_1_252' title='bbox 588 3036 771 3083; x_wconf 86' lang='lat' dir='ltr'>dioicis</span> <span class='ocrx_word' id='word_1_253' title='bbox 797 3035 1108 3100; x_wconf 82' lang='lat' dir='ltr'>glomeratis</span> <span class='ocrx_word' id='word_1_254' title='bbox 1134 3034 1339 3100; x_wconf 88' lang='lat' dir='ltr'>petiolo</span> <span class='ocrx_word' id='word_1_255' title='bbox 1370 3032 1733 3097; x_wconf 78' lang='lat' dir='ltr'>longioribus.</span> 
     </span>
    </p>

    <p class='ocr_par' dir='ltr' id='par_1_13' title="bbox 267 3100 1808 3379">
     <span class='ocr_line' id='line_1_40' title="bbox 267 3100 1800 3167; baseline -0.003 -14"><span class='ocrx_word' id='word_1_256' title='bbox 267 3104 335 3153; x_wconf 88' lang='lat' dir='ltr'>U.</span> <span class='ocrx_word' id='word_1_257' title='bbox 376 3104 549 3152; x_wconf 87' lang='lat' dir='ltr'>dioica</span> <span class='ocrx_word' id='word_1_258' title='bbox 596 3100 766 3150; x_wconf 80' lang='lat' dir='ltr'>Limz.</span> <span class='ocrx_word' id='word_1_259' title='bbox 805 3120 945 3153; x_wconf 67' lang='lat' dir='ltr'>sves.</span> <span class='ocrx_word' id='word_1_260' title='bbox 994 3102 1213 3164; x_wconf 51' lang='lat' dir='ltr'>nf863.</span> <span class='ocrx_word' id='word_1_261' title='bbox 1288 3101 1520 3167; x_wconf 79' lang='lat' dir='ltr'>lappon.</span> <span class='ocrx_word' id='word_1_262' title='bbox 1571 3117 1627 3148; x_wconf 87' lang='lat' dir='ltr'>n.</span> <span class='ocrx_word' id='word_1_263' title='bbox 1677 3108 1800 3163; x_wconf 80' lang='grc'><strong>574.</strong></span> 
     </span>
     <span class='ocr_line' id='line_1_41' title="bbox 406 3160 1808 3238; baseline -0.001 -20"><span class='ocrx_word' id='word_1_264' title='bbox 406 3169 582 3238; x_wconf 77' lang='lat' dir='ltr'>Engl.</span> <span class='ocrx_word' id='word_1_265' title='bbox 611 3170 723 3219; x_wconf 67' lang='lat' dir='ltr'>bob.</span> <span class='ocrx_word' id='word_1_266' title='bbox 750 3180 830 3233; x_wconf 82' lang='grc'>25.</span> <span class='ocrx_word' id='word_1_267' title='bbox 869 3183 904 3221; x_wconf 92' lang='lat' dir='ltr'>t.</span> <span class='ocrx_word' id='word_1_268' title='bbox 935 3183 1086 3236; x_wconf 80' lang='lat'>1750·</span> <span class='ocrx_word' id='word_1_269' title='bbox 1155 3165 1380 3238; x_wconf 77' lang='lat' dir='ltr'>Liglch.</span> <span class='ocrx_word' id='word_1_270' title='bbox 1422 3179 1561 3217; x_wconf 77' lang='lat' dir='ltr'>scot.</span> <span class='ocrx_word' id='word_1_271' title='bbox 1596 3186 1651 3234; x_wconf 88' lang='lat' dir='ltr'>p.</span> <span class='ocrx_word' id='word_1_272' title='bbox 1680 3160 1808 3230; x_wconf 71' lang='grc' dir='ltr'>578.ι</span> 
     </span>
     <span class='ocr_line' id='line_1_42' title="bbox 412 3236 1803 3309; baseline -0.003 -21"><span class='ocrx_word' id='word_1_273' title='bbox 412 3237 599 3289; x_wconf 79' lang='lat' dir='ltr'>Olavs.</span> <span class='ocrx_word' id='word_1_274' title='bbox 625 3241 686 3288; x_wconf 82' lang='lat' dir='ltr'>ic.</span> <span class='ocrx_word' id='word_1_275' title='bbox 715 3237 921 3288; x_wconf 78' lang='lat' dir='ltr'>island.</span> <span class='ocrx_word' id='word_1_276' title='bbox 945 3258 996 3309; x_wconf 92' lang='lat' dir='ltr'>p.</span> <span class='ocrx_word' id='word_1_277' title='bbox 1025 3249 1144 3304; x_wconf 77' lang='grc'><strong>455.</strong></span> <span class='ocrx_word' id='word_1_278' title='bbox 1216 3236 1520 3299; x_wconf 56' lang='grc' dir='ltr'>Μίεῆαιιεᾳ</span> <span class='ocrx_word' id='word_1_279' title='bbox 1540 3253 1716 3286; x_wconf 84' lang='lat' dir='ltr'>amer.</span> <span class='ocrx_word' id='word_1_280' title='bbox 1752 3249 1803 3285; x_wconf 87' lang='grc'>2.</span> 
     </span>
     <span class='ocr_line' id='line_1_43' title="bbox 407 3301 1801 3379; baseline -0.001 -21"><span class='ocrx_word' id='word_1_281' title='bbox 407 3310 462 3375; x_wconf 76' lang='grc' dir='ltr'>Ρ.</span> <span class='ocrx_word' id='word_1_282' title='bbox 514 3321 628 3374; x_wconf 86' lang='grc'><strong>179.</strong></span> <span class='ocrx_word' id='word_1_283' title='bbox 713 3305 916 3359; x_wconf 80' lang='lat' dir='ltr'>Landc</span> <span class='ocrx_word' id='word_1_284' title='bbox 952 3305 1239 3379; x_wconf 67' lang='lat' dir='ltr'>scel-oens.</span> <span class='ocrx_word' id='word_1_285' title='bbox 1303 3331 1374 3340; x_wconf 99' lang='lat'><strong>—</strong></span> <span class='ocrx_word' id='word_1_286' title='bbox 1449 3301 1697 3375; x_wconf 71' lang='lat' dir='ltr'>Georgii</span> <span class='ocrx_word' id='word_1_287' title='bbox 1724 3301 1801 3372; x_wconf 77' lang='lat' dir='ltr'>fl.</span> 
     </span>
    </p>
   </div>
  </div>
 </body>
</html>
