2194 3893
421 220 537 271 520
939 203 1529 258 cRYPToeAMiA.

554 334 640 382 Gr.
667 349 919 400 apocarpa
943 333 1124 384 Hedv.
1157 351 1301 401 spec.
1337 353 1388 402 p.
1426 335 1507 396 76.
1589 333 1761 404 Scirp.
1793 351 1970 406 crypt.
2014 359 2054 389 ι.

653 402 665 408 “
689 414 725 449 t.
750 414 817 466 59
911 399 1076 452 PVeb.
1104 416 1159 451 ec
1180 400 1353 451 Molzr
1383 416 1561 470 crypt.
1587 422 1638 469 p.
1677 419 1778 469 =29.
1972 406 1974 408 ’

549 467 759 531 Bryuni
783 485 1108 535 apocarpum
1145 486 1189 512 a,
1216 469 1385 519 Lina.
1414 489 1552 519 svec.
1582 489 1635 519 n.
1661 474 1778 536 986.

483 535 618 583 Hab.
652 538 710 583 in
733 540 869 584 saxis
894 550 944 586 et
969 539 1234 601 lapidibus
1260 556 1353 602 per
1383 542 1694 603 universam
1711 543 2060 606 Lapponiam

551 604 784 668 ubique,
823 617 1058 654 attamen
1081 608 1140 654 in
1166 608 1375 670 alpibus
1401 619 1452 655 et
1478 610 1688 656 extimis
1711 611 1901 657 insulis
1935 627 2059 658 ver-

549 687 641 718 sus
676 673 920 739 Norclcap
955 676 1160 739 parcius
1198 687 1248 722 et
1280 676 1606 739 plerumque
1638 678 1842 726 sterilis.
1936 678 2055 726 Ver·

549 739 686 787 nalis
713 757 1032 805 semper¹est
1054 743 1138 791 vel
1160 744 1338 806 primo
1363 760 1486 791 vere
1510 756 1804 792 maturans.

615 807 870 857 Proxime
895 811 1143 874 sequenti
1168 810 1296 857 adeo
1325 808 1491 858 affinis
1517 822 1622 870 est,
1674 823 1735 858 ut
1769 812 1923 860 valde
1959 813 2058 859 du-

483 873 657 922 bitem
680 892 747 922 an
770 889 959 925 natura
981 881 1122 926 inter
1144 889 1391 942 utrasque
1417 882 1677 926 terminos
1702 880 1841 928 ullos
1864 897 2058 944 posue-

480 944 566 989 rit.
649 942 840 1011 Quum
872 957 1055 994 autem
1102 962 1184 993 eas
1232 947 1561 1009 distinguere
1604 951 1789 1011 utique
1834 959 2063 1012 oportet,

482 1008 847 1058 differentiam
894 1015 1162 1077 optimam
1208 1014 1533 1060 artificialem
1571 1015 1796 1061 invenio
1844 1018 1920 1062 in·
1947 1016 2058 1078 pilo

483 1093 615 1124 cano
642 1077 901 1129 foliorum
925 1081 1377 1144 perigoniahunu
1417 1091 1466 1128 et
1495 1092 1622 1128 tunc
1644 1098 1835 1129 omnes
1860 1085 2058 1147 species

483 1161 511 1191 a
584 1144 722 1259 glan
786 1144 1005 1196 Tarner
1058 1149 1336 1213 descriptae
1394 1148 1459 1197 ad
1523 1160 1846 1214 sequentem
1921 1150 2058 1199 reFe-

423 1236 427 1238 ἡ
478 1227 576 1260 ren
618 1225 831 1264 aesunt.

414 1344 529 1410 565.
570 1350 890 1400 GRIMMIA
917 1352 1199 1418 alpicola:
1223 1355 1363 1403 foliis
1386 1355 1719 1404 lanceolatis:
1756 1355 2061 1421 perigonia·

620 1420 764 1468 libus
810 1437 1031 1469 sursum
1074 1424 1301 1471 dilatatis
1359 1423 1775 1484 obtusiusculis,
1851 1423 2062 1487 capsula

603 1489 872 1553 ¹ampliata
895 1490 1190 1539 subsessili.

551 1553 640 1602 Gr.
689 1557 913 1620 alpicola
957 1555 1167 1606 δῖναν-[Ζ.
1209 1557 1350 1623 disp.
1385 1575 1554 1606 muse.
1592 1574 1730 1607 senec.
1775 1575 1826 1623 p.
1860 1571 1942 1620 27.
1975 1566 2058 1618 δι.

679 1634 714 1670 t.
749 1642 788 1671 1.
815 1624 851 1671 f.
884 1642 924 1672 1.
962 1624 1158 1674 Hedw.
1184 1624 1327 1693 spec.
1354 1644 1403 1690 p.
1437 1640 1516 1687 77.
1546 1628 1647 1674 tab.
1679 1638 1755 1690 15.
1784 1627 1819 1674 f.
1857 1644 1898 1674 1.
1924 1653 1989 1668 .-—
2011 1636 2061 1689 5.
2091 1632 2095 1635 “

484 1701 528 1741 ε.
564 1690 858 1739 νίνιιῖανίεε
896 1695 1043 1741 caule
1066 1697 1360 1742 ramosiore
1384 1695 1643 1759 longiore.

551 1758 640 1806 Gr.
662 1760 909 1807 rivularis
930 1759 1148 1810 Br'z'del.
1186 1788 1254 1796 —
1331 1759 1383 1808 T
1376 1778 1565 1811 amer.
1590 1764 1725 1828 spic.
1751 1777 1922 1810 masc.
1945 1759 2057 1810 lz‘c'b.

683 1844 734 1891 p.
759 1841 839 1874 ει.
867 1838 901 1874 t.
926 1843 974 1878 9..
1000 1830 1034 1877 f.
1059 1845 1104 1877 ρ.

479 1911 528 1945 ν·
553 1895 782 1942 stricta:
820 1899 980 1944 ramis
1001 1900 1194 1946 strictis
1219 1899 1532 1963 angustatis.
1829 1934 1835 1949 ,

549 1962 638 2010 Gr.
675 1964 854 2010 stricta
886 1962 1129 2014 Tay-ner.
1163 1968 1301 2031 spic.
1339 1972 1509 2014 muse.
1543 1963 1654 2015 kib.
1686 1982 1738 2031 p.
1770 1978 1855 2014 20.
1881 1965 1985 2014 tab.
2012 1978 2057 2014 2.

682 2031 767 2095 fig.
811 2048 849 2078 1.
1668 2076 1671 2079 .
1887 2070 1890 2072 -

480 2093 518 2142 δ’.
551 2099 877 2147 maritima:
931 2101 1079 2150 caule
1113 2102 1540 2167 simpliciusculo
1589 2101 1924 2160 abbreviato,
1975 2100 2058 2148 fo-

544 2165 632 2213 liis
654 2171 962 2230 angustatis.
1804 2222 1807 2225 Δ

549 2233 638 2280 Gr.
683 2236 956 2285 maritima
1001 2235 1169 2285 Turn.
1204 2239 1338 2303 spic.
1377 2253 1546 2285 muse.
1587 2234 1698 2285 lzz‘b.
1732 2254 1785 2302 p.
1818 2248 1900 2298 25.
1933 2246 1969 2283 t.
2004 2247 2053 2298 5.

682 2302 767 2366 fig.
806 2317 852 2352 2.

476 2366 613 2417 Hah.
646 2369 701 2417 in
735 2373 1031 2437 subalpinis
1069 2383 1120 2420 et
1151 2373 1345 2437 alpinis
1386 2373 1646 2421 omnibus
1688 2372 1797 2420 fere
1828 2371 2058 2437 ubique:

545 2455 592 2479 οι.
626 2449 677 2484 et
705 2449 750 2493 β.
786 2442 916 2488 locis
951 2443 1176 2505 irrigatis
1214 2453 1265 2489 et
1297 2444 1352 2488 in
1391 2442 1608 2498 rivulis3
1670 2459 1717 2493 γ.
1764 2451 1816 2488 et
1848 2437 1888 2485 δ.
1923 2440 2055 2487 locis

546 2505 697 2553 siccis
725 2511 911 2573 apricis
934 2512 1197 2573 praecipue
1219 2511 1508 2557 maritimis
1535 2510 1754 2573 passim.
1830 2508 2053 2556 Aestivo

541 2581 788 2636 tempore
803 2577 1125 2640 plerumque
1156 2589 1472 2625 maturatur.

482 2644 486 2647 ”
612 2639 819 2691 Omnes
864 2657 1195 2692 enumeratae
1236 2647 1514 2692 varietates
1560 2645 1765 2707 optime
1795 2643 2051 2710 conyeni-

475 2717 582 2756 unt
602 2708 743 2758 foliis
779 2712 888 2759 suis
925 2713 1344 2778 perigonialibus
1379 2713 1762 2760 obtusiusculis
1796 2709 2051 2761 imberbi-

398 2780 400 2785 ’
475 2774 579 2824 bus
601 2811 617 2836 ,
657 2792 956 2843 omnesque
979 2791 1278 2829 nascuntur
1308 2783 1367 2828 in
1401 2781 1700 2844 subalpinis
1734 2779 1818 2826 vel
1854 2779 2049 2825 simili·

475 2842 577 2890 bus
602 2845 731 2894 locis
761 2849 1053 2897 maritimis
1079 2865 1184 2914 quo
1212 2850 1629 2896 commonstrari
1650 2847 1878 2904 videtur,
1904 2845 2050 2909 quocl

478 2926 506 2957 e
545 2910 661 2959 loco
697 2915 819 2978 plus
843 2916 1100 2966 minusve
1123 2932 1323 2981 aquoso
1349 2918 1570 2981 aliisque
1599 2914 1902 2963 accidentiis
1925 2930 2048 2960 cau-

475 2979 549 3025 sis
573 2992 703 3029 ortae
727 2994 875 3031 sunt.
923 2986 1001 3032 Ex
1030 2987 1174 3034 hisce
1199 3007 1245 3031 a·
1281 2995 1332 3032 et
1355 2999 1398 3041 β.
1431 2985 1606 3032 colore
1631 2982 1852 3029 obscure
1884 2981 2044 3028 viridi

475 3047 564 3092 vel
588 3049 887 3114 nigricante
914 3054 1153 3117 gaudent
1176 3056 1243 3102 ob
1265 3056 1453 3101 locum
1476 3065 1769 3115 aquosum,
1795 3047 2047 3112 fOliiSque
2092 3084 2102 3097 ·

474 3116 649 3180 magis
671 3120 908 3166 scariosis
933 3123 1308 3179 instruuntur;
1347 3137 1393 3171 7·
1420 3131 1472 3169 et
1497 3117 1534 3163 δ·
1571 3118 1740 3181 magis
1774 3116 2043 3163 rufescen-

476 3191 553 3227 tes
594 3197 753 3245 sunt,
800 3189 1100 3251 graciliores
1135 3201 1187 3237 et
1220 3191 1407 3237 habitu
1441 3186 1564 3233 inde
1601 3181 1709 3232 Gr.
1739 3199 2045 3249 apocarpae

476 3250 747 3302 accedunt.
817 3255 964 3306 Folia
986 3258 1334 3323 perigonialia
1366 3256 1689 3320 plerumque
1722 3251 1887 3317 duplo
1923 3253 2042 3331 lon-

1896 3335 2041 3385 giora
