2194 3893
764 248 1034 304 Muscx.
1612 265 1732 322 395

141 393 407 447 quentem
440 383 887 434 vicissitudinem
920 385 1202 442 siccitati83
1250 386 1311 435 in
1349 386 1577 452 rupibus
1601 403 1729 437 um-

142 450 316 499 brosis
339 453 460 501 lsi-te
492 453 679 500 viridis
709 455 952 502 occurrit.

72 530 188 582 713.
226 521 797 570 JUNGERMANNJA
821 519 1089 571 Funckz'z‘:
1128 524 1358 572 surculis
1392 525 1577 575 erectis
1595 524 1731 572 sim-

278 589 510 655 plicibus
559 590 849 650 teretibus,
923 591 1071 639 foliis
1127 593 1420 641 imbrIcatis
1481 595 1731 642 concavis

278 661 624 724 emarginatis
650 661 908 724 utrinque
931 660 1340 708 obtusiusculis.

210 726 253 775 J.
281 726 505 775 Funckii
549 725 746 774 Weber
772 739 828 775 ec
853 726 1023 776 Molzr
1041 744 1220 795 germ.
1249 740 1431 795 crypt.
1454 746 1507 794 p.
1531 739 1653 792 422.

208 795 246 841 J.
276 797 446 843 excisa
478 787 670 843 Funck
697 809 874 864 crypt.
902 793 1118 854 ficlzcel.
1145 814 1200 845 n.
1235 805 1342 856 ²¹8·

143 863 283 913 Hab.
312 865 363 910 in
395 865 670 912 sterilibus
705 867 1058 913 subhumidis
1089 867 1375 913 montium
1410 866 1731 930 subalpino-

206 948 334 979 rum
360 933 651 997 Lapponiae
689 936 874 982 rarius.
958 933 1007 982 A
1037 950 1124 982 me
1151 934 1283 980 lecta
1309 934 1367 980 in
1392 931 1582 982 Ollos-
1602 944 1731 981 tun-

209 1001 317 1047 turi
342 999 489 1061 juxta
516 1002 903 1050 Muonioniska
930 1003 1222 1067 Lapponiae
1247 1002 1564 1050 Tornensis.

278 1069 413 1116 Tota
456 1080 623 1117 erecta
657 1084 765 1128 est,
814 1072 1042 1118 surculis
1081 1071 1142 1118 ab
1177 1071 1337 1119 omni
1368 1081 1517 1135 parte
1547 1070 1735 1120 tereti-

142 1135 246 1185 bus
269 1148 320 1185 et
339 1137 501 1185 nudis
521 1172 535 1197 ‚
575 1141 690 1187 sine
715 1139 840 1186 ullis
869 1139 1156 1187 fibrillulis.

280 1207 360 1253 De
377 1207 470 1254 hac
482 1206 708 1271 aliisque
721 1209 1164 1273 Jungermanniis
1180 1223 1207 1255 e
1224 1205 1303 1254 Cl.
1325 1205 1477 1255 Web.
1493 1217 1546 1257 et
1558 1204 1731 1255 Mok-

145 1273 220 1322 rii
254 1273 440 1321 libello
472 1276 644 1322 citatis
679 1276 903 1323 nullum
940 1276 1084 1323 mihi
1115 1286 1194 1323 est
1228 1275 1493 1335 dubium,
1553 1292 1734 1341 quum.

144 1342 418 1405 integram
466 1343 841 1392 collectionem
887 1344 1448 1408 Jungermanniarum
1479 1360 1506 1392 a
1551 1344 1603 1392 b.
1651 1359 1729 1393 m.

142 1408 317 1457 Molzr
341 1413 513 1475 accepi
540 1424 663 1459 ante
688 1413 907 1460 obitum
929 1412 1064 1475 ejus.
1108 1431 1112 1438 ¹
1389 1466 1394 1472 ,

76 1483 195 1541 ³714.
232 1478 801 1528 JUNGERMANNIA
833 1477 1075 1545 inflata:
1132 1480 1362 1527 surculis
1398 1477 1729 1528 adscenden-

284 1548 431 1595 tibus
471 1547 806 1597 subramosis
845 1548 1239 1604 teretiusculis‚
1297 1547 1442 1594 foliis
1478 1547 1730 1595 imbrica-

280 1617 350 1663 tis
387 1615 742 1667 subsecundis
776 1619 1023 1666 concavis
1052 1614 1359 1665 subbifidi's:
1419 1614 1560 1664 lobis
1605 1631 1731 1664 acu-

271 1684 539 1733 tiusculis.

212 1754 253 1801 J.
283 1752 460 1800 inflata
486 1749 672 1801 Huds.
698 1752 854 1822 angl.

147 1821 285 1870 Hab.
315 1823 371 1869 in
396 1823 545 1870 siccis
585 1823 774 1881 apricis
806 1839 899 1887 per
931 1823 1094 1872 colles
1124 1831 1456 1887 montesque
1489 1820 1732 1886 subalpi-

211 1906 314 1938 nos
353 1892 519 1937 totius
547 1891 840 1954 Lapponiae
862 1891 1083 1957 ubique.

261 1958 499 2007 -Surculi
534 1959 858 2022 cylindracei
891 1960 977 2009 vel
1009 1959 1235 2023 julacei,
1282 1975 1310 2008 e
1331 1959 1496 2008 latere
1518 1957 1732 2011 fibrinis

139 2027 452 2075 radicantes.
1458 2050 1460 2052 v

70 2105 186 2158 2715.
223 2093 794 2144 JUNGERMANNIA
819 2096 1076 2145 minum:
1113 2096 1345 2145 surculis
1374 2094 1731 2145 erectis=sim-

273 2165 508 2230 plicibus
534 2166 891 2230 compressis,
933 2165 1073 2212 foliis
1108 2165 1352 2214 distichis
1391 2164 1610 2213 excisis:
1646 2162 1729 2212 lo-

167 2285 171 2293 ,
280 2233 359 2280 bis
386 2233 686 2297 aequalibus
713 2233 1083 2282 acutiusculis.

207 2301 250 2348 J.
290 2303 506 2348 minuta
529 2297 724 2349 Dz'clts.
743 2297 892 2366 fasc„
919 2315 964 2349 9..
989 2319 1114 2369 pag.
1149 2313 1225 2365 ¹5·

204 2370 245 2417 J.
285 2370 527 2418 bicornis
570 2366 648 2417 Fl.
690 2367 823 2417 dan.
866 2381 900 2418 t.
940 2376 1057 2431 888.
1092 2371 1126 2418 f.
1151 2387 1195 2419 a.
1277 2365 1445 2419 Web.
1473 2379 1530 2416 ec
1559 2366 1731 2417 Molzr

346 2450 527 2504 crypt.
576 2454 754 2505 germ.
812 2456 865 2503 p.
922 2444 1041 2502 425.
1099 2441 1323 2489 secund.
1370 2438 1606 2502 exempl.
1649 2437 1732 2489 Cl.

344 2507 560 2554 Florkii.

139 2574 276 2623 Hab.
315 2577 374 2622 in
415 2575 720 2640 spongiosis
758 2574 1034 2638 paludosis
1072 2577 1217 2623 inter
1237 2589 1457 2624 muscos
1484 2589 1582 2639 per
1601 2573 1733 2621 uni-

209 2659 427 2692 versanl
458 2643 566 2691 fere
605 2645 943 2708 Lapponiam
984 2644 1308 2708 frequenter.

278 2712 494 2760 Surculi
542 2712 650 2760 fere
698 2713 890 2760 setacei
937 2723 1069 2759 sunt
1112 2714 1259 2759 inter
1303 2726 1520 2760 muscos
1569 2709 1735 2759 erecti

116 2776 441 2843 ⁴surgentes.
532 2780 678 2828 Folia
724 2780 1147 2844 subcomplicata
1194 2791 1247 2828 et
1289 2791 1464 2827 exacte
1504 2778 1735 2828 disticho

138 2852 345 2913 posita,
395 2848 545 2898 unde
582 2848 788 2896 surculi
826 2850 1124 2912 compressi
1157 2849 1245 2897 vel
1279 2849 1461 2912 potius
1500 2847 1732 2910 subpin-

144 2920 260 2966 nati
296 2928 572 2983 apparent.
652 2918 735 2965 De
773 2927 964 2964 caetero
1005 2916 1130 2964 folia
1166 2927 1300 2964 sunt
1340 2913 1734 2964 remotiuscula

144 2986 490 3050 subpatentia
528 2985 666 3045 (nec
684 2984 1028 3045 imbricata),
1066 2983 1341 3050 profunde
1365 2984 1732 3049 emarginato-

4 3088 9 3093 «
122 3058 315 3104 ,excisa
357 3055 446 3102 vel
481 3055 660 3119 potius
698 3064 891 3102 retusa.

76 3134 105 3183 ‘7
121 3121 191 3171 26.
229 3122 498 3170 JUNGER
509 3120 802 3171 MANNIA
826 3122 1158 3170 connivens.-
1182 3121 1412 3170 surculis
1437 3119 1732 3185 subrepen-

281 3192 430 3241 tibus
455 3190 841 3249 teretiusculi3‚
880 3189 1026 3238 foliis
1052 3189 1411 3239 subsecundis
1431 3189 1733 3238 subrotun-

220 3266 229 3273 ‘
282 3258 365 3310 dis
391 3261 760 3325 emarginatis:
799 3258 938 3307 lobis
965 3259 1350 3307 obtusissimis.

211 3328 252 3377 J.
291 3331 596 3380 connivens
632 3321 1009 3394 Dida-fasc.
1044 3335 1097 3390 4.
1135 3328 1242 3377 tab.
1283 3343 1362 3375 ιι.
1402 3325 1438 3374 f.
1482 3322 1561 3373 16.
