2194 3893
446 297 589 347 ἠπ-ι
985 283 1563 345 INTRO'DUCTIO.

447 436 675 476 remoto.
748 425 1131 486 Temperatura
1163 414 1458 467 IVz'drosz'oe
1496 415 1800 465 secundum
1835 410 2086 470 medium

446 493 895 544 observationum
931 489 1144 536 duobus
1183 488 1341 533 annis
1381 500 1405 531 a
1445 482 1645 532 Berlin
1684 485 2080 536 institutarum,

445 574 498 611 et
534 564 593 609 in
630 558 767 608 Acc-
805 553 1161 607 Nz'drosiens.
1225 565 1360 600 tom.
1397 552 1485 600 lV.
1542 555 1899 608 insertarum,
1969 549 2084 596 haec

451 641 556 680 est:

689 693 947 760 januarii·
1050 727 1061 737 .
1133 715 1201 723 -—
1234 685 1281 735 6.
1299 696 1364 743 <90
1402 690 1595 737 therm.
1623 687 1838 751 centigr.

688 761 961 811 Februarii
1050 793 1063 806 .
1134 781 1200 791 -—
1238 763 1365 815 330

689 831 872 878 Ivlartii
966 863 976 875 .
1051 861 1063 873 .
1135 850 1202 858 —
1237 820 1366 882 6.30

690 897 892 962 Aprilis
968 930 980 942 .
1054 928 1064 940 .
1245 899 1367 950 I.32

688 963 822 1022 Maii
880 997 891 1009 .
966 997 978 1009 .
1026 980 1064 1007 ·.
1207 964 1365 1020 1045

686 1032 837 1080 Jnnii
884 1065 896 1087 ,-
969 1066 981 1078 .
1052 1063 1064 1076 .
1207 1033 1366 1088 IS-42

685 1099 816 1148 Julii
879 1113 891 1144 ⁴.
965 1133 977 1144 .
1052 1125 1087 1142 .›
1209 1095 1363 1153 18.3t

685 1166 924 1231 Augusti
1048 1198 1060 1211 .
1206 1169 1282 1221 15.
1299 1168 1361 1221 25

685 1232 1018 1296 Septembris
1204 1240 1281 1278 12.
1307 1235 1363 1287 15

688 1302 939 1350 Octobris
1053 1333 1066 1346 .
1123 1337 1129 1344 .
1233 1309 1280 1360 4.
1295 1304 1362 1356 03

686 1368 1016 1417 Novembris
1135 1391 1204 1399 —-
1239 1375 1285 1412 2.
1300 1362 1365 1428 46

1431 1502 1476 1510 ——n

683 1436 1001 1486 Decembris
1132 1459 1201 1467 —
1235 1444 1283 1494 4.
1304 1439 1361 1490 15

805 1528 1062 1576 medium
1136 1537 1193 1583 †
1231 1526 1360 1588 448

576 1638 709 1686 Mox
739 1637 919 1698 itaque
951 1631 1410 1698 perconspicuum
1442 1627 1528 1685 fit,
1582 1634 1783 1689 quanto
1817 1625 1991 1672 hiems
2025 1625 2085 1671 in

370 1765 374 1768 ,
440 1707 604 1756 latere
627 1704 918 1769 norvegico
947 1701 1288 1764 temperatior
1312 1699 1401 1755 sit,
1437 1705 1489 1743 et
1511 1693 1637 1741 inde
1671 1708 1883 1757 quoque
1908 1693 1988 1751 fit,
2025 1702 2089 1739 ut

435 1783 803 1838 *temperatura
842 1768 1016 1816 media
1052 1768 1218 1816 totius
1251 1765 1379 1812 anni
1426 1764 1549 1810 satis
1593 1761 1701 1809 alta
1738 1763 1933 1824 vixque
1971 1776 2085 1807 uno

439 1843 609 1908 gradu
634 1839 919 1888 demissior
943 1837 1010 1884 sit
1031 1834 1301 1882 Nidrosiae
1325 1847 1489 1896 quam
1523 1828 1771 1891 Upsaliae.
1853 1828 1961 1875 Nec
1986 1828 2084 1875 du.

431 1911 699 1965 -bitamus,
726 1908 856 1971 quin
886 1903 1156 1951 convalles
1183 1903 1463 1947 interiores
1491 1895 1856 1961 Helgelandiae
1881 1908 2086 1960 tempe-

439 1976 618 2025 ratura
658 1990 809 2039 aeque
848 1972 1064 2019 favente
1093 1969 1361 2033 gaudeant
1406 1982 1463 2013 ac
1508 1965 1779 2012 Nidrosia:
1833 1975 1883 2010 et
1920 1965 2086 2029 igitur

439 2046 625 2094 mirari
648 2059 761 2091 non
783 2054 1076 2105 possumus
1110 2035 1375 2098 Corylum
1411 2044 1462 2081 et
1496 2032 1592 2079 alia
1624 2032 1933 2096 vegetabilia
1963 2024 2082 2080 ¹ma-

440 2115 518 2178 gis
542 2108 918 2160 meridionalia
943 2107 1017 2154 ibi
1043 2119 1286 2153 crescere.
1363 2100 1446 2149 Ob
1473 2101 1610 2147 hanc
1635 2115 1847 2163 quoque
1873 2116 2085 2148 causam

442 2192 652 2230 coactus
686 2177 767 2225 fui
798 2173 1167 2237 Helgelandiae
1198 2171 1406 2235 plantas
1443 2184 1471 2215 e
1497 2167 1647 2215 Flora
1680 2167 1953 2231 lapponica
1995 2186 2085 2217 ex-

441 2248 653 2297 cludere
687 2261 758 2294 ne
788 2244 1036 2291 nimium
1071 2248 1382 2302 temperatae
1418 2252 1545 2283 cum
1580 2234 1940 2298 frigidissimis
1973 2239 2082 2284 mi-

437 2325 732 2364 scerentur.
816 2309 1103 2359 Convalles
1142 2305 1482 2369 inFeralpinae
1523 2304 1581 2350 in
1622 2303 1937 2351 Praefectura
1969 2306 2081 2353 Sal-

437 2385 582 2432 tensi
617 2381 790 2429 adhuc
825 2380 950 2426 satis
1004 2385 1313 2439 temperatae
1363 2381 1521 2428 sunt,
1581 2370 1673 2417 sed
1714 2371 1850 2418 ultra
1895 2375 2083 2421 sinum

437 2449 779 2512 Vestfjorden
810 2445 1014 2509 frigidae
1047 2443 1178 2490 adeo
1214 2441 1452 2488 evadunt
1480 2449 1540 2484 ut
1562 2438 1850 2502 Lapponiae
1872 2433 2084 2490 *caeterae

437 2519 582 2568 haud
607 2514 898 2565 dissimiles
922 2514 1049 2566 sint.
1108 2511 1493 2572 Temperatura
1519 2517 1700 2552 tamen
1727 2506 1886 2567 hujus
1910 2512 2082 2574 regio..

435 2589 522 2635 nis
547 2582 874 2650 vegetationi
904 2595 1021 2627 non
1057 2576 1360 2625 admodum
1383 2585 1545 2621 nocet
1577 2584 1865 2637 antequam
1899 2578 1957 2623 ad
1995 2581 2079 2625 in-

436 2655 581 2703 sulas
617 2651 901 2700 exteriores
934 2649 1098 2694 maris
1133 2644 1517 2709 pervenimus,
1564 2641 1660 2687 ubi
1693 2658 1867 2705 neque
1903 2645 2081 2695 hiems

437 2721 593 2769 valde
617 2717 809 2782 frigida
831 2731 1007 2778 neque
1037 2725 1189 2762 aestas
1219 2710 1380 2760 calida
1406 2720 1500 2756 est.
1565 2705 1850 2775 Magerc'm
1874 2714 1934 2759 ad
1956 2730 2079 2778 pro-

435 2789 787 2838 montorium
848 2780 1268 2846 septentrionale
1325 2777 1484 2825 nobis
1540 2779 1817 2840 optimum
1880 2782 2079 2844 praebet

435 2855 779 2919 exemplu1n3
820 2850 983 2911 hujus
1022 2850 1175 2897 enim
1212 2855 1571 2909 temperatura
1607 2846 1910 2895 secundum
1930 2865 2078 2898 com-

435 2926 746 2991 putationes
787 2920 920 2967 Gen.
961 2933 1068 2964 von
1103 2913 1272 2962 Buclz
1307 2915 1423 2960 haec
1462 2923 1562 2959 est:
1699 2924 1739 2962 ς

746 2986 982 3035 Ianuarii
1129 3007 1197 3017 -—
1233 2989 1355 3042 551
1395 2980 1592 3030 therm.
1618 2980 1837 3047 centigr-

746 3053 1023 3105 Februarii
1126 3075 1194 3085 ——
1228 3059 1355 3113 491

748 3123 933 3171 Martii
1049 3155 1060 3168 .
1131 3141 1199 3152 --
1234 3122 1360 3181 405

745 3190 952 3254 Aprilis
1046 3222 1058 3235 .
1128 3210 1197 3220 —
1236 3194 1361 3233 1.10

749 3259 883 3320 Maji
954 3291 966 3305 .
1039 3288 1053 3303 .
1231 3259 1355 3312 1.15

747 3325 895 3376 Iunii
966 3359 978 3373 .
1054 3359 1067 3371 .
1225 3330 1273 3384 4.
1290 3325 1356 3380 52
