2194 3893
442 217 561 276 φο
967 209 1561 265 CRYPTOGAMIA.

645 341 780 409 Quae
807 344 865 390 in
879 344 1051 391 Enare
1075 343 1180 408 legi
1205 344 1757 423 exemplai·ia*optima
1784 356 1940 394 sunt:
1965 363 2082 396 cru-

509 418 582 456 sta
608 413 838 458 omnino
874 410 1079 470 albida,
1119 421 1170 458 et
1201 413 1393 459 ostiola
1428 416 1484 460 in
1514 413 1740 476 glebulis
1777 426 1981 463 crustae
1996 417 2107 463 rii-⁷

506 492 594 541 gra
631 477 765 525 bene
798 478 1042 527 formata.
1115 478 1357 527 Verrucae
1393 482 1450 526 in
1487 481 1711 544 glebula
1736 482 1944 547 sinoula
1968 485 2085 531 sitae

506 545 652 592 haud
683 534 833 593 intus
878 547 1196 605 confluunt,
1247 547 1339 595 sed
1381 548 1687 611 parietibus
1709 552 1816 597 suis
1866 561 2085 607 tantum

507 614 777 677 contiguae
817 625 964 661 sunt.
1063 614 1359 681 Interdum
1381 632 1597 679 quoque
1627 633 1736 664 una
1773 633 1993 665 verruca
2023 621 2083 666 in

506 682 772 746 singula2³
744 682 955 730 olebula
982 682 1144 731 adest.
1216 684 1298 730 De
1324 695 1512 733 caetero
1537 700 1887 732 verrucarum
1911 687 2085 750 pasie-

505 758 582 796 tes
608 752 842 797 omnino
877 749 1124 812 ejusdem
1148 751 1467 799 substantiae
1500 762 1552 800 et
1582 752 1776 800 coloris
1802 769 1858 800 ac
1889 764 2083 811 crusta,

506 825 570 863 et
592 819 820 864 nonnisi
860 819 1122 866 ostiolum
1161 835 1485 883 supremum
1517 820 1806 884 nigricans.
1900 822 2084 885 Itaque

504 898 597 931 me
635 883 814 946 judice
851 886 912 933 ab
950 887 1265 952 Enclocarpo
1304 903 1499 950 genere
1543 887 1687 934 haud
1731 888 2086 936 essentialiter

505 945 696 999 differt.
769 953 959 1018 Neque
993 951 1060 1002 L.
1096 951 1433 1020 Zepczdz'lzum
1473 953 1536 1003 ab
1563 955 1662 1003 hoc
1687 971 1882 1021 genere
1903 970 2084 1005 remo-

502 1035 628 1066 vere
661 1022 829 1066 solui.

469 1096 549 1146 77
611 1085 1110 1136 ENDOCARPON
1169 1081 1528 1155 si'nopzcum:
1619 1101 1795 1137 crusta
1853 1091 2083 1139 areolata

631 1154 912 1202 sublobata
933 1154 1311 1221 effigurataque
1334 1158 2083 1222 virenti-rubiginosa,ostio-

631 1221 697 1270 lis
731 1224 1006 1302 impressis
1035 1226 1221 1287 nigris.

567 1289 627 1336 E.
665 1291 979 1355 Sinopicum
1026 1289 1122 1341 IV
1111 1289 1332 1340 alzl'enb.
1373 1309 1433 1340 m
1471 1289 1621 1343 Aclz.
1662 1304 1793 1342 mec.
1832 1309 1956 1358 sup.
1995 1304 2081 1357 50.

698 1356 911 1407 Acllar.
937 1357 1066 1407 liclz.
1098 1362 1245 1408 mm.
1286 1378 1336 1439 p.
1373 1373 1488 1423 297.

499 1424 633 1476 Hab.
661 1426 721 1472 in
745 1427 1015 1507 lapidibus
1043 1430 1194 1476 siccis
1219 1431 1433 1477 cariosis
1459 1431 1701 1478 micaceis
1729 1428 1793 1477 asl
1818 1430 1981 1479 latera
2006 1429 2082 1478 al-

566 1495 728 1558 pium
754 1506 806 1543 et
829 1498 1116 1543 montium
1141 1496 1470 1561 alpestrium
1495 1499 1701 1561 passim
1732 1499 1964 1562 copiose.

627 1561 843 1611 Sicsum
866 1564 1242 1612 ruberrimum
1263 1575 1371 1623 est,
1410 1564 1500 1613 sed
1527 1565 1828 1612 humidum
1862 1566 2082 1614 virescit

496 1631 764 1694 praecipue
792 1632 850 1678 in
880 1642 1062 1680 centro
1089 1632 1250 1696 idque
1277 1634 1343 1679 ob
1370 1641 1600 1680 stratum
1630 1633 1880 1681 faeculare
1908 1634 2082 1681 viride

495 1699 853 1746 translucens.
926 1699 1185 1748 Ambitus
1222 1712 1407 1749 autem
1442 1702 1501 1747 in
1528 1701 1761 1748 humido
1799 1700 2076 1765 spadiceus

498 1766 693 1813 evadit.
767 1767 894 1817 Tale
928 1775 1160 1816 stratum
1194 1768 1445 1816 faeculare
1483 1768 1657 1816 viride
1681 1770 1737 1816 in
1772 1770 1927 1816 nullo
1973 1769 2078 1816 alio

496 1833 734 1882 Lichene
757 1835 919 1883 rubro
947 1836 1122 1895 adest,
1153 1847 1205 1885 et
1227 1837 1326 1884 sub
1338 1836 1616 1885 foliaceam
1638 1836 1801 1898 hujus
1825 1847 2081 1884 naturam

496 1903 622 1948 satis
648 1901 866 1949 indicat.
938 1904 1285 1968 Receptacula
1318 1903 1432 1965 ejus
1459 1905 1719 1953 immersa
1757 1921 1784 1951 a
1809 1914 1971 1952 strato
1996 1905 2080 1951 vi-

496 1968 601 2016 ridi
641 1969 888 2034 undique
941 1972 1374 2030 circumdantur,
1434 1982 1485 2019 et
1522 1989 1615 2034 per
1661 1988 1715 2021 se
1758 1972 2080 2035 subhyalina

494 2046 655 2094 sunt,
702 2054 802 2084 nec
831 2040 940 2085 nisi
975 2040 1174 2087 orificio
1216 2041 1370 2104 nigro
1418 2039 1670 2102 prsedita,
1721 2041 1905 2103 itaque
1941 2050 2080 2087 certe

495 2104 662 2166 hujus
694 2121 792 2152 nec
828 2105 1149 2155 Verrucariae
1173 2108 1400 2172 generiS.
1473 2105 1575 2154 Sed
1616 2107 1897 2154 interdum
1935 2107 2081 2155 orifi-

496 2173 644 2219 cium
677 2188 919 2221 verrucae
955 2173 1208 2222 dilatatur
1241 2175 1300 2221 in
1334 2173 1548 2220 discum
1569 2175 1822 2239 nigrum,
1872 2189 1980 2240 quo
2018 2176 2082 2221 in

494 2251 635 2287 statu
662 2242 1004 2289 urceolatum
1032 2243 1211 2290 evadit
1236 2241 1653 2305 receptaculum.

628 2305 694 2355 L.
719 2311 1010 2375 sznopicus
1029 2306 1202 2377 EngL
1231 2307 1347 2356 boc.
1370 2319 1451 2370 25.
1491 2320 1527 2355 t.
1560 2307 1705 2369 1776.
1746 2308 1892 2358 haud
1915 2309 2077 2358 nobis

490 2376 774 2434 satisfacit,
816 2380 940 2442 quia
967 2379 1245 2426 ambitum
1271 2377 1522 2425 lobatuni
1547 2378 1771 2425 omittit.

423 2449 539 2504 873.
578 2443 1079 2494 ENDOCARPON
1114 2441 1583 2511 smaragdzzltmz:
1638 2455 2081 2498 crustaceo-scu-

627 2522 806 2559 tatum
834 2515 1127 2561 minutum
1171 2512 1585 2562 subrotundum
1623 2512 1821 2560 viridi·
1837 2513 2078 2572 luteum,

628 2580 837 2627 ostiolis
859 2597 894 2627 v
899 2597 1212 2630 errucarum
1233 2581 1509 2645 impreSSIS
1534 2579 1695 2627 rufo·
1712 2577 1892 2628 fuscis.

557 2647 616 2694 E.
648 2648 1062 2712 smaragdulum
1104 2642 1410 2698 Walzlenb.
1436 2650 1496 2695 in
1521 2644 1671 2694 Ach.
1699 2644 1868 2698 mecla.
1893 2644 2076 2712 suppl.

676 2732 744 2794 p.
770 2727 850 2772 Ν).
910 2714 1114 2763 lichen.
1139 2718 1284 2764 unic).
1323 2720 1516 2781 p2.98

489 2782 625 2830 Hah.
673 2783 734 2830 in
776 2792 1054 2846 petrarum
1094 2785 1250 2831 rimis
1294 2783 1715 2846 scrobiculisque
1760 2781 2075 2831 siccioribus

556 2866 724 2915 prope
757 2866 905 2899 mare
947 2852 1365 2915 septentiionale
1411 2851 1734 2898 Finmarkiae
1783 2850 1953 2898 rarius
1987 2866 2077 2898 co-

557 2919 709 2988 piose
742 2934 822 2966 ex.
855 2934 930 2982 gr.
960 2921 1030 2967 acl
1058 2918 1372 2982 Altenfjorcl
1404 2929 1457 2970 et
1478 2917 1543 2966 acl
1565 2916 1884 2965 Vaerethavn
1906 2933 2077 2983 prope

554 2980 823 3034 Masoam.

626 3053 780 3102 Adeo
794 3054 1204 3121 cartilagineum
1219 3064 1269 3102 et
1284 3054 1470 3119 fragile
1494 3062 1590 3111 est,
1617 3062 1679 3099 ut
1693 3067 2022 3117 quamquam
2047 3068 2077 3101 a

488 3121 666 3186 lapide
689 3121 935 3186 undique
960 3122 1236 3180 solutum,
1273 3133 1456 3169 tamen
1478 3121 1799 3184 neutiquam
1822 3120 2074 3168 flexibile.

490 3191 562 3238 It·
556 3205 674 3253 que
709 3191 855 3253 quod
890 3189 954 3237 ad
988 3189 1347 3238 substantiam
1379 3188 1702 3251 praecedenti
1733 3190 2075 3252 proximum,

489 3268 553 3305 ut
587 3258 751 3308 etiam
794 3257 1230 3310 conformatione
1272 3255 1753 3323 receptaculorum.
1842 3255 2075 3306 Scutum
