2194 3893
548 201 1222 258 TETRADYNAMIA.
1603 221 1629 259 ²
1643 220 1672 270 7
1683 219 1715 271 5

199 335 341 383 tium
396 337 687 402 Lapponiae
740 337 988 386 Lulensis
1042 349 1094 387 et
1134 340 1429 388 Tornensis
1471 354 1571 388 nec
1600 354 1718 386 non

131 408 142 413 “
200 403 549 453 Nordlandiae
611 406 1049 471 septentrionalis
1110 409 1311 472 passim
1383 408 1720 473 frequenter;

198 488 301 520 nec
328 471 473 533 juxta
500 475 687 522 nivem
715 491 1016 539 perennem
1042 491 1160 523 eam
1189 492 1432 540 unquam
1455 475 1588 524 vidi.
1655 476 1720 522 In

199 540 317 604 alpe
341 540 556 589 Snirrak
579 543 869 608 Lapponiae
891 543 1142 591 Lulensis
1167 548 1382 608 copiose
1409 545 1548 611 legi,
1571 545 1720 592 unde

197 611 291 657 nix
317 611 498 657 omnis
526 626 620 675 per
646 622 814 659 totam
839 622 1080 660 aestatem
1106 611 1270 660 abest.

263 678 520 726 Proxime
545 679 608 726 ad
633 680 721 726 Dr.
747 681 946 727 hirtam
984 679 1215 739 accedit,
1263 679 1353 728 sed
1389 679 1605 728 abunde
1638 678 1721 726 di-

127 761 278 794 versa
303 757 381 793 est
403 747 567 810 idque
600 749 772 813 magis
812 748 1200 796 characteribus
1237 748 1573 797 diversarum
1599 763 1719 812 par-

115 816 272 861 -tiuni
301 817 620 877 comparatis
649 833 813 880 quam
841 818 1137 865 charactere
1163 817 1404 881 quodem
1429 815 1719 865 essentiali.

125 883 311 946 Duplo
346 884 534 929 minor
567 886 939 947 utplurimum
973 888 1232 964 reperitur
1253 918 1268 943 ‚
1317 885 1461 933 haud
1495 898 1624 932 vero
1649 885 1723 930 ita

126 959 456 1007 constanter,
484 952 620 1012 quin
650 952 971 1014 exemplaria
993 955 1118 1001 satis
1144 952 1364 1018 grandia
1387 952 1573 1001 vidiin
1600 952 1722 1016 qui·

127 1018 229 1065 bus
265 1018 584 1064 characteres
617 1034 732 1065 non
767 1022 980 1068 mutati.
1052 1022 1224 1069 Radix
1246 1022 1500 1086 perennis
1522 1031 1574 1068 et
1596 1037 1721 1067 mo-

128 1086 230 1133 dus
280 1084 552 1132 crescendi
603 1100 744 1163 saepe
789 1087 1011 1136 densius
1057 1092 1369 1154 caespitosus
1413 1100 1467 1137 et
1522 1089 1720 1136 frutes-

130 1169 253 1202 cens
273 1187 287 1212 ‚
325 1164 387 1200 ut
412 1154 576 1201 etiam
604 1154 660 1199 in
690 1167 949 1203 seuuente
970 1157 1100 1205 locis
1128 1158 1290 1205 duris.
1362 1157 1510 1206 Folia
1536 1157 1723 1205 omnia

127 1221 478 1270 subradicalia
513 1212 636 1268 {um
670 1222 957 1270 stolonum
991 1242 1046 1272 ac
1081 1227 1366 1273 caudicum
1413 1225 1719 1273 fructifero-

125 1307 254 1339 rum
280 1290 562 1337 simillima
588 1305 801 1354 semper
824 1292 1194 1357 integerrima,
1230 1294 1522 1348 *lanceolata
1556 1292 1718 1340 obtu-

126 1359 394 1416 siuscula,
442 1358 789 1405 crassiuscula
821 1363 1093 1425 praecipue
1125 1363 1183 1408 in
1218 1362 1619 1426 speciminibus
1646 1362 1718 1408 ri·

125 1426 458 1492 gidioribus,
496 1437 549 1474 et
573 1442 706 1473 nerv
714 1442 742 1472 o
769 1426 976 1475 elevato
1000 1428 1337 1478 evidentiore
1359 1429 1719 1487 subcarinata,

83 1525 86 1527 >
126 1497 384 1559 utrinque
407 1490 751 1559 pubescentia
777 1495 920 1542 bien
908 1512 1093 1544 15511111
1117 1497 1363 1546 stellato·
1379 1514 1589 1545 ramosa
1621 1497 1717 1546 ob-

71 1589 73 1591 ·
126 1575 262 1613 tecta
284 1575 335 1612 et
358 1563 486 1611 inde
516 1565 876 1622 canescentia,
913 1564 1299 1630 longitudine
1284 1583 1318 1611 u
1324 1567 1613 1630 lerumque
1637 1581 1716 1615 se-

122 1633 613 1696 miungvicularia;
670 1632 1011 1697 marginibus
1055 1634 1400 1682 nudiusculis
1437 1636 1554 1682 sine
1591 1635 1719 1683 ullis

125 1702 258 1750 ciliis
295 1700 532 1765 longiori
541 1701 656 1747 bus.
727 1700 926 1765 Scapus
960 1718 1175 1767 semper
1216 1702 1430 1760 nudus,
1480 1703 1719 1751 stellato-

123 1770 455 1839 pubescens,
502 1769 769 1832 pollicaris
809 1781 861 1818 et
892 1771 1077 1834 paullo
1114 1771 1273 1819 ultra.
1357 1770 1617 1819 Pedicelli
1647 1773 1718 1820 si-

127 1835 289 1903 hquis
320 1837 551 1884 dimidio
579 1836 880 1895 brevioreS,
919 1839 1301 1904 subpatentes‚
1340 1854 1556 1904 semper
1591 1841 1718 1888 stel-

125 1906 234 1954 lato
261 1935 282 1945 -
312 1905 688 1969 pubescentes.
772 1905 1013 1955 Silieulae
1057 1907 1398 1967 lanceolatae‚
1456 1909 1720 1973 utrinque

125 1986 326 2033 acutae,
372 1973 741 2039 glaberrimae,
797 1974 1168 2040 subobliquae:
1229 1977 1482 2042 stigmate
1522 1977 1719 2035 sessili,

122 2044 364 2090 minuto.
456 2041 637 2090 Flores
673 2042 892 2107 dupplo
938 2046 1268 2094 minutiores
1319 2061 1486 2110 quam
1530 2046 1590 2093 in
1636 2061 1718 2094 se-

124 2112 345 2176 quenti,
386 2121 436 2159 et
460 2126 675 2174 semper
697 2110 889 2159 albidi.

255 2175 815 2244 Explicaczolconis.
830 2197 871 2226 5
898 2179 1080 2246 planta
1107 2191 1216 2229 tota
1239 2180 1511 2230 fructifera
1534 2196 1718 2247 magn.

121 2259 232 2296 nat.
268 2272 337 2281 -——
371 2248 420 2295 b.
449 2247 602 2295 Foli'
590 2265 607 2293 1
645 2250 895 2312 superior
912 2265 1030 2313 pars
1058 2266 1187 2297 cum
1213 2250 1566 2315 pubescentia
1590 2250 1718 2297 stel-

119 2316 219 2364 lata
264 2332 449 2381 magn.
499 2326 634 2362 auct.
678 2341 744 2351 —
806 2332 847 2364 e.
884 2316 1091 2405 silicula
1137 2323 1268 2366 cu'm
1308 2318 1575 2383 pedicello
1615 2334 1716 2366 suo

119 2402 301 2450 magn.
331 2395 469 2433 auct.

52 2450 846 2518 519.DRABAlzzrccc:f01iis
875 2452 1103 2500 caulinis
1138 2454 1284 2502 binis
1321 2455 1492 2502 ovatis
1529 2454 1716 2502 denta-

261 2523 330 2570 tis
378 2521 701 2586 subpilosis,
751 2520 974 2568 siliculis
1012 2521 1260 2587 oblongis
1295 2523 1529 2586 obliquis
1564 2523 1716 2588 pedi-

261 2590 567 2654 cellisque
540 2588 876 2638 &laberrimis
902 2587 1253 2654 longitudine
1276 2591 1520 2639 siliculae.

122 2676 171 2705 σε.
194 2642 567 2728 inferczlpz'na
577 2672 786 2721 scapo
757 2657 970 2716 otacili,
1008 2657 1403 2706 inflorescentia
1429 2669 1681 2709 nutante.

190 2729 285 2776 Dr.
309 2728 448 2776 hirta
471 2725 641 2774 Linn.
674 2740 877 2789 speop
845 2733 1039 2788 p.89·7.
1078 2722 1276 2773 szssclz
1303 2724 1356 2772 Ζ)
1342 2737 1430 2774 Ἰε.
1465 2739 1513 2774 2.
1528 2744 1581 2790 p.
1595 2726 1711 2789 677.

327 2791 543 2843 Landc.
559 2790 841 2862 sceroens.
859 2789 1267 2860 —Georgz‘z'fl.
1295 2790 1503 2843 bailrczl.
1527 2808 1625 2859 pue
1631 2805 1712 2857 24

192 2862 349 2912 Icon.
375 2865 477 2911 tab.
504 2874 672 2911 nostr.
701 2861 780 2908 XI.
807 2860 892 2926 fig.
915 2872 963 2913 ²⁹.

122 2941 169 2988 β.
175 2919 448 2998 alpicolcz
473 2947 626 2996 scapo
651 2929 866 2987 stiicto,
902 2929 1181 2992 pedicellis
1220 2929 1590 2990 brevioribus,
1627 2929 1710 2980 fo-

190 3003 278 3049 liis
309 3001 542 3049 crebrius
567 2997 809 3047 stellato·
828 2997 1030 3063 pilosis.
1685 3027 1695 3030 -
1725 3007 1729 3013 ·

189 3072 284 3119 D1.
308 3069 508 3118 stellata
533 3065 730 3131 Jacqu.
766 3077 942 3113 auser.
969 3077 1002 3112 t.
1028 3073 1144 3130 432.

188 3136 331 3186 Icon
354 3138 457 3185 tab.
485 3147 653 3184 nostr.
676 3134 760 3181 XI.
789 3134 872 3198 fig.
903 3151 946 3181 1.

75 3189 258 3257 Hab.
287 3210 332 3252 οὶ.
357 3208 415 3253 in
439 3203 666 3269 rupibus
691 3203 843 3249 siccis
869 3204 1182 3251 nemorosis
1204 3202 1303 3251 sub
1331 3203 1599 3262 radicibus
1631 3205 1706 3252 al-

188 3277 358 3342 pium
372 3286 425 3324 et
443 3275 508 3323 acl
531 3283 749 3321 montes
774 3269 1126 3337 inferalpinos
1162 3272 1328 3320 totius
1352 3272 1705 3326 Nordlandiae
