2194 3893
783 209 1053 262 R‘Iuscr.
1629 224 1743 279 533

290 353 357 405 go
383 367 405 378 -
432 340 668 405 ligni-atis
714 357 950 407 superne
996 340 1302 401 serrulam),
1363 344 1575 410 capsula
1614 344 1745 394 late-

292 408 389 454 rali
425 409 697 456 inclinata.

226 472 281 522 F.
345 476 616 524 taxiioiius
666 474 861 526 Hedw.
923 493 1070 543 spec.
1132 491 1305 528 masc.
1356 497 1408 545 p.
1442 491 1552 544 155.
1601 492 1637 529 t.
1659 492 1742 545 59.

258 590 261 591 ⁷
366 543 400 590 f.
448 563 463 589 ι
499 574 521 582 -
544 555 592 605 5.

223 610 494 676 Hypnunr
554 614 834 664 taxiforme
888 616 1077 664 minus
1135 626 1231 664 etc.
1289 611 1508 665 Dillen.
1570 632 1741 666 muse.

362 697 412 744 p.
441 681 555 743 255.
595 694 627 728 t.
654 690 736 745 54.
779 684 811 730 f.
840 697 886 731 2.

153 752 202 799 β.
241 748 390 796 caule
414 748 659 814 longiore
684 751 1018 800 subramoso.
1056 749 1111 799 F.
1134 749 1506 802 adianthoides
1542 748 1742 803 Hedw.

361 818 521 882 stirp.
551 831 730 885 crypt.
772 832 818 881 5.
860 820 962 868 tab.
988 816 1068 867 26.
1118 852 1125 856 „

155 896 292 946 Hab.
334 899 392 945 in
429 910 561 946 terra
597 917 762 964 quani
799 903 1039 948 maxime
1081 901 1295 949 madida
1330 913 1381 952 et
1432 917 1648 951 succosa
1679 902 1744 952 ad

224 982 385 1031 rupes
423 968 771 1032 inferalpinas
815 969 1159 1016 Nordlandiae
1195 986 1341 1029 raro,
1389 987 1491 1018 nec
1525 972 1631 1019 nisi
1679 971 1745 1019 ad

222 1034 548 1082 Troinsoazu
566 1047 616 1084 et
635 1038 696 1084 ad
714 1038 951 1085 fluvium
964 1038 1161 1086 Laxelv
1174 1037 1740 1104 Sorfoldensemprae·

222 1101 443 1150 fecturae
467 1104 721 1152 Saltensis
747 1107 935 1154 lectus.

289 1190 656 1238 Fructiferuur
681 1194 738 1240 in
762 1193 1037 1257 Lapponia
1062 1192 1205 1240 haud
1229 1191 1356 1243 vidi.
1398 1250 1400 1253 v
1429 1194 1640 1255 Surculi
1666 1196 1743 1244 ibi

151 1256 418 1319 majores,
464 1276 629 1323 quam
662 1261 826 1325 vulgo
865 1271 1186 1320 occurrunt,
1236 1264 1638 1326 sesquitertiam
1676 1265 1744 1312 li-

152 1341 315 1373 neam
349 1325 459 1372 lati.
544 1327 689 1375 Folia
735 1345 949 1392 semper
988 1329 1322 1378 imbricatim
1354 1334 1746 1397 approximata,

153 1393 390 1457 oblonga
423 1394 517 1441 sed
548 1411 772 1442 sursum
818 1398 940 1443 satis
986 1408 1298 1460 angustata,
1358 1415 1529 1448 nervo
1562 1401 1745 1448 valido

151 1463 444 1520 instructa,
491 1463 697 1524 apicem
733 1479 921 1510 versus
959 1464 1534 1527 insigniterserrulata
1579 1485 1686 1533 quo
1718 1484 1747 1516 a

154 1529 428 1593 plerisque
484 1531 690 1577 caeteris
749 1529 905 1579 facile
957 1530 1310 1596 distingvitur
1366 1536 1478 1584 haec
1524 1539 1744 1601 species.

151 1597 427 1645 Structura
461 1597 726 1646 foliorum
747 1600 803 1645 in
841 1599 943 1646 hoc
976 1596 1307 1647 et‘affinibus
1340 1602 1471 1651 adeo
1507 1605 1744 1669 singula-

151 1666 223 1713 ris
251 1676 314 1712 ut
338 1666 535 1713 similis
557 1666 704 1730 apud
728 1666 912 1714 nullos
940 1667 1071 1714 alios
1104 1684 1323 1716 muscos
1360 1674 1618 1720 occurrit:
1668 1673 1745 1720 la-

151 1744 240 1781 tus
267 1735 419 1782 enim
443 1736 690 1799 superius
716 1734 980 1782 dividitur
1010 1736 1068 1782 in
1105 1736 1333 1801 laminas
1358 1738 1488 1787 duas
1513 1741 1744 1805 aequales

151 1802 366 1850 caulem
387 1803 803 1866 amplectentes,
853 1818 969 1868 quae
1008 1803 1304 1866 disjunctio
1333 1807 1419 1855 vel
1454 1808 1744 1873 duplicatio

149 1871 210 1917 in
239 1871 334 1917 hac
361 1872 534 1934 specie
556 1871 693 1918 ultra
718 1870 972 1919 medium
997 1870 1110 1921 folii
1133 1874 1402 1936 procedit,
1428 1876 1487 1923 in
1513 1893 1744 1941 sequen-

150 1938 299 1985 tibus
323 1954 437 1984 non
464 1940 613 1985 item.
686 1940 949 1989 Perennis
977 1949 1071 1988 est.
1129 1940 1250 1989 Seta
1275 1944 1448 1991 oritur
1471 1960 1498 1991 a
1524 1945 1742 2009 duppli-

153 2017 329 2054 catura
354 2005 815 2070 Folii‚perichaetio
840 2009 1060 2073 proprio
1089 2007 1233 2057 foliis
1250 2010 1480 2059 dimidio
1500 2013 1744 2061 breviore

151 2074 439 2130 obvoluta;
491 2077 634 2138 apice
672 2075 867 2123 deflexa
884 2110 900 2134 ,
928 2075 1076 2124 unde
1102 2078 1316 2141 capsula
1339 2080 1595 2128 inclinata
1620 2097 1742 2129 eva-

150 2138 248 2192 dit.
321 2141 566 2206 Calyptra
592 2143 935 2208 longiuscula
967 2144 1032 2191 ad
1060 2146 1314 2193 medium
1349 2149 1582 2211 capsulae
1621 2165 1740 2214 per-

149 2213 398 2277 tingens,
437 2211 596 2258 latere
621 2212 736 2259 fissa
760 2222 812 2259 et
835 2227 1055 2276 prorsus
1084 2213 1433 2263 incumbens.

82 2318 200 2378 585.
239 2312 584 2362 FISSIDENS
624 2309 919 2378 bryoides:
971 2313 1121 2361 caule
1151 2314 1484 2377 pinniformi
1527 2318 1740 2384 simpli-

288 2383 507 2430 cissimo
543 2392 743 2429 erecto:
794 2381 933 2428 foliis
979 2381 1119 2428 infra
1162 2383 1417 2430 medium
1463 2385 1742 2451 dupplica-

284 2451 350 2497 tis
379 2449 916 2515 oblongo-ellipticis
942 2448 1253 2512 apiculatis,
1303 2453 1516 2516 capsula
1551 2458 1739 2504 termi-

281 2518 395 2565 nali
422 2529 605 2566 erecta.

212 2587 518 2635 Dicranum
543 2584 788 2647 bryoides
813 2582 1028 2632 Swarcz
1051 2600 1222 2633 muse.
1250 2602 1390 2636 specu
1429 2605 1481 2653 p.
1504 2588 1587 2650 36.
1627 2603 1664 2639 t.
1689 2605 1737 2641 9..

355 2654 388 2701 f.
416 2660 465 2716 4.
541 2649 705 2703 PVeb.
734 2665 791 2700 ec
814 2650 990 2700 Molu-
1013 2666 1194 2719 chpC.
1234 2670 1286 2718 p.
1317 2654 1428 2718 163.

213 2721 485 2771 Fissidens
511 2722 925 2770 osmundioides
946 2718 1144 2770 Hedw.
1170 2737 1319 2787 specu
1348 2740 1517 2773 muse.
1555 2744 1607 2792 p.
1627 2734 1736 2791 154.

352 2791 455 2838 tab.
479 2800 566 2851 4ο.
608 2791 642 2838 f.
676 2804 851 2851 7-ιι.
1271 2853 1276 2856 Ι

139 2858 282 2911 Hah.
307 2860 577 2925 praecipue
602 2860 660 2907 in
689 2859 835 2907 turfis
868 2857 1137 2924 paludum
1171 2858 1414 2923 locisque
1449 2861 1738 2927 uliginosis

214 2944 309 2992 per
350 2939 517 2975 totam
554 2928 890 2992 Lapponiam
927 2927 1271 2988 sylvaticam‚
1318 2928 1739 2992 subsylvaticam

215 3007 268 3044 et
289 2996 672 3060 inferalpinam
697 3013 870 3061 usque
902 2996 967 3041 ad
993 2995 1247 3043 Kistrancl
1280 3006 1332 3043 et
1364 2996 1591 3064 Rebvog
1615 3001 1738 3048 Fin-

214 3065 318 3111 kiae
342 3058 561 3128 passim.

283 3130 460 3179 Cauiis
498 3132 603 3180 fere
637 3148 849 3196 semper
885 3130 1101 3196 longior
1135 3147 1298 3194 quam
1341 3133 1449 3195 ipsa
1484 3144 1622 3193 seta,
1652 3137 1735 3182 ‘li-

147 3202 321 3247 nearis
345 3212 568 3248 erectus.
635 3200 780 3247 Folia
804 3215 1027 3248 sursum
1050 3199 1140 3244 vix
1166 3201 1475 3262 angustiora
1500 3204 1735 3267 integer·

143 3269 314 3329 rima,
371 3269 562 3319 obtusa
605 3285 732 3318 cum
768 3269 1013 3334 apicuIO,
1061 3283 1231 3318 nervo
1266 3270 1420 3318 tenui
1462 3269 1734 3335 pellucido
