2194 3893
474 252 623 289 Lvnr
1013 239 1587 297 INTRODUCTIO.

606 370 901 435 Postquam
940 373 1008 419 ita
1045 373 1536 435 consideravimus,
1603 375 1880 441 quomodo
1914 376 2112 441 plantae

471 439 530 484 in
570 448 703 486 terra
733 439 1076 503 frigidissima
1101 444 1450 504 proveniant,
1499 444 1749 509 indagare
1784 461 1997 510 quoque
2024 445 2109 492 lu-

468 505 588 564 bet,
639 506 928 568 cujusnam
959 508 1157 556 indolis
1194 520 1246 557 et
1279 511 1484 560 ordinis
1513 513 1772 562 naturalis
1807 513 1918 562 sint
1955 512 2109 578 plan-

468 583 537 621 tae
559 573 772 640 frigoris
793 577 1218 641 patientissimae.
2146 584 2147 588 ’

594 720 708 787 De
756 721 964 789 indole
1016 684 1402 790 Plantarum
1451 727 1983 818 Lapponicarum.

600 847 657 896 Si
703 867 1005 899 numerum
1053 863 1105 900 et
1151 853 1508 916 quantitatem
1554 856 1867 920 plantarum
1922 854 2109 922 lappo-

463 917 716 964 nicarum
741 936 769 966 e
807 920 1026 983 singulo
1066 920 1256 969 ordine
1293 923 1524 969 naturali
1559 924 1980 987 perpendimus,
2027 938 2109 972 se-

465 995 728 1047 quentem
756 986 864 1035 fere
889 989 1083 1036 seriem
1111 989 1370 1036 ordinum
1397 993 1702 1056 accipimus.

531 1048 708 1118 Algae
733 1052 1036 1103 liclzenosoe
1062 1059 1173 1105 sive
1197 1058 1641 1106 Lichenes‘Linn.
1670 1061 1928 1107 onmium
1950 1074 2110 1124 vege-

597 1121 1451 1191 tabiliumlapponicorumlonge
1471 1129 1936 1176 numerosissimae
1957 1138 2105 1184 sunt,

595 1200 786 1253 utpote
845 1196 1077 1256 quarum
1134 1194 1276 1241 ultra
1331 1207 1429 1255 207
1487 1198 1685 1260 species
1735 1197 2105 1242 inveniantur.

598 1256 798 1306 Forsan
823 1262 988 1308 etiam
1023 1261 1293 1324 majorem
1324 1263 1536 1311 molem
1573 1263 1958 1329 vegetabilium
1994 1262 2106 1325 lap-

592 1329 918 1389 ponicorum
975 1332 1348 1389 constituunt3
1406 1333 1482 1379 sic
1534 1334 1683 1379 enini
1731 1331 2105 1406 copiosissime

597 1403 722 1440 tum
755 1396 813 1441 in
851 1397 1015 1460 sylvis
1049 1415 1104 1446 ac
1140 1399 1269 1447 locis
1306 1400 1602 1463 subalpinis
1640 1409 1884 1447 crescunt
1919 1395 2106 1445 Boeo-

593 1459 846 1525 mycz‘des
922 1464 1263 1527 fruticulosi,
1345 1470 1616 1533 praecipue
1689 1464 2103 1534 rczngz'j'erz'nus,

590 1539 656 1575 ut
695 1540 892 1577 terram
928 1536 1081 1594 quasi
1112 1535 1233 1584 lana
1270 1535 1432 1584 densa
1468 1548 1661 1584 tectam
1698 1538 1953 1583 crederes.
2036 1534 2101 1581 111

589 1597 729 1643 saxis
765 1599 932 1645 etiam
968 1601 1133 1646 multi
1164 1604 1421 1646 Lichence
1468 1604 1738 1649 imbricati
1787 1611 2101 1657 occurrunt,

590 1679 700 1711 una
741 1681 867 1712 cum
917 1665 1187 1728 Gyromiis
1226 1667 1415 1724 variis,
1464 1667 1557 1730 qui
1588 1667 1647 1712 in
1683 1666 1893 1730 alpibus
1927 1681 2103 1731 usque

585 1732 728 1779 ultra
753 1733 991 1780 limitem
1014 1734 1254 1782 nivalem
1279 1744 1655 1799 propagantur.
1717 1734 1773 1780 ln
1801 1745 1935 1781 terra
1965 1750 2100 1799 quo-

588 1816 692 1864 que
715 1801 891 1865 alpina
920 1804 1133 1867 copiose
1155 1803 1492 1868 proveniunt
1516 1803 1645 1848 varii
1689 1802 1949 1850 Licbenes
1987 1818 2103 1850 cor-

586 1869 814 1916 niculati
856 1886 906 1917 v.
948 1887 1023 1935 gr.
1063 1872 1120 1918 L.
1143 1869 1487 1930 mordemus,
1529 1867 1961 1924 oclzrolevclzus,
2003 1866 2097 1918 cli-

587 1949 835 2002 vergens.
909 1936 1258 2004 Quamquam
1283 1941 1461 2002 itaque
1485 1939 1756 2002 Lapponia
1785 1955 1838 1986 re
1873 1954 1996 1986 vera
2028 1938 2097 1984 li-

586 2003 826 2051 chenum
849 2007 1016 2068 patria
1044 2009 1130 2066 sit,
1155 2019 1208 2056 et
1232 2008 1489 2054 Lichenes
1521 2006 1779 2052 ultimam
1803 2007 2095 2071 vegetatio-

584 2077 798 2119 nemin
825 2073 1019 2121 ultima
1049 2085 1182 2123 terra
1209 2078 1569 2130 constituant3
1618 2085 1799 2122 tamen
1825 2074 2096 2139 pleraeque

584 2141 785 2203 species
809 2141 1072 2201 arboreae,
1107 2144 1166 2190 in
1189 2142 1371 2191 Svecia
1394 2142 1784 2207 vulgatissimae
1802 2175 1816 2200 ,
1853 2142 1929 2188 ibi
1955 2142 2096 2189 desi-

585 2207 870 2267 derantur,
922 2211 1065 2259 inter
1089 2227 1217 2276 quas
1247 2211 1500 2275 inprimis
1515 2209 1682 2256 multi
1704 2210 1943 2257 lichenes
1971 2210 2093 2257 ,lon-

583 2274 762 2340 gifolii
786 2275 1063 2338 (Physciae
1077 2278 1118 2341 ).
1191 2280 1358 2326 Multi
1384 2294 1618 2342 quoque,
1655 2280 1926 2342 praecipue
1946 2292 2093 2325 crus-

583 2344 1046 2393 taceo-imbricati
1083 2357 1135 2394 et
1164 2345 1511 2404 subfoliacei‚
1560 2346 1622 2392 ad
1665 2346 1841 2392 littora
1877 2356 2095 2393 tantum

580 2412 745 2459 maris
779 2414 1218 2476 septentrionalis
1250 2423 1540 2461 occurrunt
1577 2429 1659 2462 ex.
1701 2429 1775 2477 gr.
1811 2415 1869 2461 L.
1896 2429 2092 2461 muro-

583 2493 740 2537 rum,
782 2495 1142 2540 conspersa-s,
1181 2481 1540 2547 parietinas>
1584 2479 1813 2528 ciliaris.

513 2541 704 2593 Musca·
737 2542 1011 2612 frondosi
1057 2566 1167 2597 una
1201 2565 1329 2597 cum
1372 2549 1643 2611 Hepaticis
1682 2549 1776 2596 vix
1813 2551 2091 2598 minorem

579 2615 882 2677 specierum
917 2632 1222 2664 numerum
1266 2613 1537 2674 efficiunt,
1570 2618 1766 2681 quippe
1805 2619 1899 2682 qui
1946 2617 2090 2665 ultra

584 2688 680 2742 198
724 2684 929 2746 species
970 2685 1424 2748 complectantur;
1480 2683 1569 2730 sed
1608 2684 1770 2748 longe
1813 2687 2092 2734 minorem

579 2749 792 2797 molem
825 2752 1181 2815 vegetationis
1214 2752 1513 2816 lapponicae
1549 2754 1893 2800 constituunt
1928 2768 2093 2818 quam

582 2817 874 2877 Lichenes,
915 2829 966 2866 et
1002 2818 1287 2882 dispersim
1326 2820 1497 2883 magis
1533 2829 1781 2866 crescunt
1801 2823 1858 2868 in
1882 2822 2090 2885 Lappo-

578 2886 667 2932 nia
688 2900 854 2949 quam
876 2886 935 2932 in
961 2885 1144 2934 Svecia
1170 2897 1372 2934 nostra.
1446 2887 1628 2934 Musei
1651 2887 1949 2950 hypnoidei
1971 2904 2089 2952 par-

580 2953 688 2999 cius
715 2963 1007 2999 occurrunt
1029 2955 1088 3000 in
1120 2954 1284 3015 sylvis
1312 2964 1363 3002 et
1388 2969 1678 3017 nunquam
1701 2964 1872 3002 totam
1893 2965 2090 3004 terram

555 3056 557 3058 .
581 3029 696 3067 tam
718 3019 882 3067 dense
907 3030 1120 3085 tegunt,
1149 3036 1312 3085 quam
1340 3020 1481 3086 apud
1496 3036 1623 3078 nos3
1650 3022 1709 3068 in
1722 3023 1929 3086 alpibus
1951 3023 2090 3071 infe-

581 3085 817 3145 rioribus
844 3097 1061 3134 tantum
1076 3099 1370 3135 occurrunt
1387 3085 1456 3134 H
1440 3103 1667 3155 ypnzcm
1678 3104 1948 3156 rugosum
1962 3091 2020 3138 L.
2036 3101 2089 3138 et

590 3150 1036 3201 Triclzoscomum
1074 3153 1496 3220 lanuginosum.
1567 3154 1840 3204 Omnium
1870 3173 2088 3206 musco-

582 3237 707 3268 rum
723 3222 865 3268 nulli
890 3223 948 3268 in
965 3222 1235 3286 Lapponia
1254 3233 1361 3269 tam
1388 3221 1698 3286 frequenter
1725 3236 2091 3289 propagantur

514 3310 518 3314 ¹
578 3288 969 3353 acpolytricha,
987 3305 1223 3353 quorum
1234 3290 1484 3355 inprimis
1499 3288 2029 3361 P.‚sepcencrz‡0nale
2039 3304 2090 3342 et
