2194 3893
444 207 521 259 go
1012 191 1534 244 HEXANDRIA:

574 329 615 376 J.
641 328 864 376 arcticus
903 322 1182 377 le'llden.
1205 340 1350 390 spec.
1376 323 1454 389 pl.
1480 336 1528 372 2.
1551 341 1603 390 p.
1631 325 1749 376 206.

573 397 614 444 J.
641 396 841 446 effusus
882 404 924 440 Β.
961 392 1132 444 Lizm.
1169 409 1309 442 sveC.
1357 409 1413 441 n.
1463 405 1580 458 229.
1662 392 1811 445 filo-r.
1863 393 1996 445 dan.
2035 409 2082 458 7.

571 533 610 579 J.
628 473 988 580 culliibogtfido
1014 531 1325 579 acuminato
1351 528 1416 576 ad
1439 528 1594 576 basin
1616 543 1918 595 squamato,
1941 533 2086 582 flori·

708 601 807 647 bus
832 599 1123 648 sessilibus.
1196 595 1366 646 Lz'zm.
1394 596 1547 662 [app.
1572 613 1627 645 n.
1659 597 1770 646 116.

503 682 636 729 Hab.
660 683 719 729 in
747 682 957 746 alpium
982 680 1311 728 Lulensium
1338 679 1595 726 lateribus
1625 679 1894 729 sterilibus
1924 681 2085 730 decli-

569 752 647 797 vis
673 751 902 814 irrigatis
922 783 936 807 ,
974 747 1124 811 juxta
1152 748 1359 794 rivulos
1387 747 1590 795 nivales
1623 759 1718 795 etc.
1751 751 1954 812 passim
1984 750 2086 797 fre-

570 829 822 882 quenter,
858 818 943 864 uti
977 816 1041 864 ad
1074 815 1392 876 Virih-jaur
1422 829 1590 879 prope
1618 826 1872 864 montem
1904 816 2086 865 Tokin

569 897 622 933 et
651 901 819 950 prope
854 886 1062 932 flumen
1097 883 1402 939 Stalladno;
1442 883 1609 930 etiam
1642 883 1965 933 Finmarkiae
2000 901 2081 932 ra·-

566 955 679 1001 rius
706 970 785 1002 eX.
812 969 886 1019 gr.
913 952 977 1000 ad
998 952 1224 1016 Kiberg:
1270 947 1435 998 Valzl.

634 1022 808 1069 Radix
860 1022 1024 1085 longe
1078 1020 1293 1083 lateque
1347 1033 1575 1082 repens,
1636 1033 1832 1078 crassa,
1888 1019 2081 1084 lignea.

498 1090 752 1154 Squamae
786 1088 849 1135 ad
888 1088 1039 1135 basin
1085 1087 1404 1134 culmorum
1446 1085 1861 1150 amplectentes,
1905 1103 2083 1134 mem-

493 1157 768 1205 branaceae
791 1157 1028 1204 muticae.
1104 1154 1291 1202 Culmi
1311 1154 1625 1213 numerosi,
1661 1153 1874 1218 pedales
1913 1165 1966 1202 et
1997 1154 2082 1201 ul-

496 1236 571 1273 tra
593 1260 608 1284 ,
648 1225 962 1283 laevissimi,
1000 1220 1134 1283 (nec
1163 1224 1335 1270 striati
1357 1232 1420 1269 ut
1445 1223 1503 1268 in
1538 1224 1576 1269 J.
1615 1221 2082 1289 conglomeraco)

495 1295 690 1350 stricti3
729 1294 875 1357 apice
899 1308 1059 1356 supra
1081 1291 1385 1355 capitulum
1419 1289 1602 1348 brevi,
1637 1292 1730 1338 vix
1769 1291 1927 1356 triplo
1959 1291 2081 1338 lon-

494 1363 642 1426 giore
667 1377 833 1425 quam
858 1360 1190 1424 capitulum,
1230 1369 1421 1407 erecto.
1498 1357 1819 1422 Capitulum
1843 1359 1943 1407 sub
1971 1360 2079 1423 api-

496 1445 552 1476 ce
573 1430 740 1477 culmi
768 1427 1209 1484 subrotundum,
1246 1426 1470 1474 floribus
1507 1428 1712 1474 circiter
1743 1440 1773 1488 7
1809 1428 2079 1491 composi-

494 1508 634 1544 tum.
706 1496 1009 1544 Pedunculi
1033 1497 1105 1541 ita
1129 1494 1472 1552 brevissimi,
1510 1504 1572 1540 ut
1593 1496 1833 1558 squamis
1857 1494 2080 1542 involu-

496 1565 722 1612 cralibus
748 1580 962 1629 semper
992 1572 1267 1628 teguntur.
1339 1561 1519 1609 Flores
1555 1560 1788 1622 majores
1823 1577 1988 1625 quam
2020 1563 2082 1609 in

493 1630 769 1681 affinibus:
809 1633 1045 1696 squamis
1079 1629 1331 1692 calycinis
1364 1628 1694 1687 latiusculis,
1734 1628 2078 1678 obtusiuscu-

490 1702 587 1760 lis,
630 1700 805 1748 fuscis.
880 1698 1125 1764 Capsulae
1161 1695 1509 1757 majusculae,
1548 1697 1932 1762 magnitudine
1969 1697 2080 1746 fere

491 1770 719 1817 seminis
746 1767 935 1816 Secalis
953 1802 967 1826 ,
1008 1766 1177 1828 calyce
1203 1764 1312 1812 Fere
1336 1765 1609 1829 longiores
1627 1797 1643 1823 ,
1683 1764 1981 1813 atrofuscae.

628 1837 679 1884 A
701 1831 945 1903 J.effuso
972 1845 1024 1883 et
1050 1831 1479 1900 conglomerate
1518 1833 1746 1896 capsulis
1781 1834 1893 1881 suis
1928 1833 2074 1881 haud

490 1906 634 1970 apice
655 1907 846 1952 retusis
877 1914 927 1952 et
957 1902 1141 1950 culmo
1176 1902 1477 1948 laevissimo
1518 1900 1775 1949 solidiore
1803 1901 1933 1949 adeo
1969 1901 2071 1948 dif-

488 1975 623 2031 fert,
661 1983 722 2019 ut
757 1972 900 2019 mihi
935 1972 974 2018 J.
1019 1968 1228 2037 glauco
1270 1965 1481 2016 affinior
1527 1982 1642 2016 esse
1685 1968 1931 2029 videtur,
1984 1971 2070 2026 cui

490 2043 653 2089 etiam
683 2039 1064 2104 magnitudine
1083 2039 1324 2102 partium
1351 2035 1771 2084 fructificationis
1792 2039 2067 2086 convenit.

486 2108 683 2156 Differt
714 2108 952 2172 squamis
990 2106 1241 2168 calycinis
1280 2104 1492 2168 capsula
1531 2103 1677 2152 haud
1709 2104 2071 2171 longioribus,

486 2176 787 2224 latiusculis
815 2186 868 2224 et
886 2175 980 2222 vix
1002 2174 1186 2222 acutis.

421 2282 532 2335 152.
571 2269 830 2319 JUNCUS
856 2285 1224 2336 squarrosos:
1264 2269 1447 2317 culmo
1472 2268 1658 2328 nudo,
1695 2268 1843 2318 foliis
1880 2268 2068 2318 filifor-

620 2340 834 2398 nribus,
872 2339 1121 2403 panicula
1147 2338 1425 2387 terminali
1449 2338 1677 2402 aphylla.

551 2410 591 2457 J.
617 2423 932 2473 squarrosus
955 2403 1125 2453 Lina.
1146 2422 1287 2454 svec.
1325 2423 1379 2460 n.
1405 2416 1519 2466 502.
1593 2404 1824 2470 Zappon.
1857 2419 1914 2450 n.
1955 2414 2064 2450 121.

682 2470 903 2542 Liglzcs.
926 2486 1064 2523 scot.
1090 2491 1142 2539 p.
1175 2480 1286 2535 134.
1359 2470 1532 2540 ἕης-ἶ.
1563 2470 1676 2520 boc.
1708 2484 1783 2534 15.
1810 2483 1845 2519 t.
1871 2481 1986 2533 935.

481 2545 619 2594 Hab.
666 2546 724 2591 in
773 2542 1064 2606 paludibus
1121 2543 1413 2607 caespitosis
1462 2542 1755 2606 Lapponiae
1803 2539 2063 2602 vulgans:

548 2609 766 2666 Linne';
806 2626 974 2675 quem
996 2621 1180 2657 autem
1203 2626 1297 2674 ego
1332 2626 1510 2673 neque
1533 2611 1610 2657 ibi
1644 2623 1823 2672 neque
1854 2608 1914 2654 in
1947 2606 2064 2654 aliis

549 2679 856 2729 borealibus
876 2680 1171 2743 provinciis
1194 2679 1395 2726 Sveciae
1422 2679 1552 2725 vidi.

416 2786 528 2841 155.
577 2774 841 2824 JUNCUS
901 2769 1162 2840 trifidus:
1220 2774 1500 2839 aphyllus,
1559 2772 1781 2821 bracteis
1827 2768 2059 2817 foliaceis

618 2842 981 2892 canaliculatis
1040 2842 1370 2906 floribusque
1426 2843 1609 2906 paucis
1659 2836 2056 2896 terminalibus,

544 2910 1340 3028 1.(ἑῗξὲὶ8ἓιξὲςοῖἒῗῑὲιὲἃεὲἰ1ἔεῗῖ1
1361 2920 1784 3041 gcqilanltgppon.
1834 2987 1892 3019 n.
1942 2988 1961 3018 ι
1977 2931 2078 3035 19.x

677 3043 885 3094 Krock.
913 3042 990 3110 fl.
1026 3045 1172 3095 siles.
1209 3063 1262 3112 p.
1300 3057 1416 3109 557.
1455 3057 1491 3093 t.
1529 3050 1616 3107 43.
1696 3038 1904 3105 Hoppe
1948 3037 2052 3087 Ta-

676 3112 898 3162 schenb.
932 3120 1077 3171 1800.
1096 3132 1155 3179 p.
1184 3126 1296 3179 193.
1321 3125 1374 3162 et
1413 3120 1555 3174 1804.
1590 3127 1640 3175 p.
1675 3118 1769 3171 ¹73:
1828 3103 2049 3176 Liglzcs]

674 3193 812 3230 ὅσοι.
834 3199 887 3247 p.
918 3188 1026 3244 183.
1053 3182 1156 3232 tab.
1181 3195 1231 3246 9.
1279 3180 1479 3248 Zoega
1501 3173 1704 3230 island.
1743 3200 1808 3211 ·-
1853 3172 2052 3223 Lanclc

645 3245 816 3317 fcere
825 3265 936 3300 ens·
971 3274 1040 3286 —

1916 3311 2051 3360 Hab.
