2194 3893
645 155 830 210 TRIA
842 156 897 208 N
902 155 1115 209 DRIA.
1631 178 1664 229 5
1674 179 1706 231 5

116 304 158 336 c.
195 285 453 336 flosculus
490 288 714 336 infimus
753 304 935 354 magn.
972 299 1140 336 aucta.
1213 288 1263 337 d.
1302 291 1559 344 flosculus
1584 312 1704 348 me-

113 355 261 416 dius.
323 370 368 404 e.
406 355 660 405 flosculus
684 357 987 406 terminalis
1021 358 1516 424 hermaphroditus.

699 486 750 538 A
794 487 822 538 I
864 486 918 538 R
963 486 1038 537 A.

73 577 181 617 Gen.
198 576 346 631 plant.
371 576 437 617 ed.
461 577 635 621 Sclzreb.
665 593 707 620 n.
734 591 825 621 112.
887 580 1049 621 Goerm.
1076 578 1284 635 defruct.
1320 595 1357 624 1.
1383 599 1435 637 ρ.
1453 591 1494 638 4.
1524 587 1615 628 tab.
1640 601 1673 630 1.

36 676 122 731 53.
157 665 336 716 AIRA
381 671 636 733 spicata:
693 671 878 719 culmo
915 672 1276 737 pubescente,
1324 675 1462 725 foliis
1499 680 1698 743 planis,

107 753 115 756 ·
236 738 485 801 panicula
520 742 748 804 spicata,
815 740 1049 788 ssosculis
1096 746 1418 806 compressis
1465 748 1700 811 calyceni

237 805 617 856 excedentibus
642 808 828 856 medio
852 810 1106 858 aristatis:
1154 812 1313 859 arista
1345 811 1535 862 reflexa
1573 817 1696 866 lon-

234 874 353 940 gius
394 887 610 923 exserta.

176 940 242 990 A.
272 943 465 1006 spicata
501 940 671 991 Lz'mz.
696 961 836 992 svec.
875 962 931 992 n.
953 943 1036 1010 69.
1074 944 1307 1012 lappon.
1345 965 1402 996 n.
1427 956 1510 1012 47.
1555 948 1694 1003 Oed.

294 1006 369 1074 ss.
407 1006 538 1058 dan.
592 1024 626 1060 t.
661 1021 774 1073 228.
867 1010 1107 1061 Sclzrad.
1160 1032 1329 1062 cerm.
1383 1035 1427 1065 1.
1491 1036 1542 1083 p.
1577 1021 1694 1084 264.

48 1108 70 1134 s
306 1074 506 1145 Zoega
531 1078 738 1128 island.
775 1108 844 1116 —
879 1079 1049 1130 Sacer
1073 1050 1273 1131 bezec.
1319 1102 1359 1132 1.
1397 1103 1449 1150 p.
1472 1096 1557 1149 4ο.

68 1198 74 1205 x
97 1159 306 1208 Hab.in
323 1165 553 1210 summis
579 1165 778 1228 campis
806 1164 954 1212 elatis
981 1174 1032 1211 et
1056 1164 1119 1211 ad
1145 1181 1305 1230 rupes
1331 1171 1496 1216 totius
1525 1170 1695 1234 alpini

166 1227 284 1294 jugi
312 1239 433 1276 tum
464 1232 836 1279 meridionalis
875 1248 933 1279 ac
968 1235 1401 1297 septentrionalis
1438 1235 1692 1302 frequen-

166 1308 282 1356 ter,
331 1297 426 1344 ubi
458 1301 620 1346 etiam
652 1302 709 1346 in
752 1300 1022 1348 altissimis
1058 1302 1429 1351 cacuminibus
1472 1305 1690 1355 adscen-

171 1365 278 1422 dit3
317 1365 408 1414 sed
447 1367 853 1416 infra¹summas
890 1368 1031 1432 alpes
1067 1371 1156 1416 vix
1187 1387 1436 1434 unquam
1470 1372 1690 1423 descen-

167 1433 249 1480 dit
268 1450 369 1481 nec
392 1446 531 1482 extra
558 1436 699 1500 alpes
723 1437 831 1483 nisi
863 1436 926 1483 ad
953 1437 1249 1501 Hopseidet
1279 1438 1604 1490 Finmarkiae
1639 1455 1692 1493 et

165 1501 460 1570 Quickjock
482 1504 731 1552 Lulensis
754 1505 1026 1552 rarissime
1048 1506 1175 1553 visa.

225 1583 431 1639 Habitu
456 1601 480 1631 a
507 1585 858 1650 sequentibus
882 1585 1046 1649 longe
1078 1587 1304 1647 recedit,
1352 1599 1406 1635 et
1436 1586 1690 1642 affinitate

91 1650 300 1701 Avenae
338 1652 645 1701 flavescenti
682 1669 866 1702 revera
899 1655 1119 1718 propior
1151 1666 1244 1702 est.
1316 1655 1441 1704 Poae
1464 1660 1689 1708 cristarae

72 1720 249 1768 valde
273 1717 436 1768 affinis
466 1737 579 1769 esse
602 1720 836 1780 videtur,
860 1721 1199 1770 utKoeleriae
1222 1726 1408 1787 generi
1426 1724 1686 1776 Persoon.

92 1804 384 1853 synops.·1.
410 1806 458 1852 p.
473 1803 555 1853 97.
580 1789 759 1837 forsan
785 1790 1035 1844 intraret3
1072 1799 1259 1838 tamen
1284 1791 1521 1854 calycem
1544 1811 1687 1843 sem-

89 1873 190 1922 per
225 1856 482 1904 biflorum
515 1868 734 1904 tantum
778 1858 984 1921 reperi,
1048 1857 1231 1910 saltim
1271 1862 1497 1908 nonnisi
1522 1865 1684 1910 ‚rudi-

90 1936 353 1973 mentum
376 1927 512 1972 tertii
530 1925 674 1973 floris
708 1924 857 1973 adest
892 1927 976 1973 uti
1008 1942 1187 1990 neque
1219 1929 1277 1973 in
1311 1931 1511 1976 caeteris
1543 1931 1684 1980 Airis

87 1996 482 2042 inconsuetum
506 2005 602 2042 est.
676 1992 884 2057 Calycis
914 1993 1148 2041 valvulae
1187 1996 1547 2045 insertionem
1582 2002 1682 2047 ari-

89 2073 298 2110 starum
328 2078 523 2126 parum
557 2072 830 2125 superant.
923 2061 1165 2109 valvulae
1210 2064 1488 2121 corollinae
1530 2083 1685 2116 crena

89 2141 310 2178 tantum
334 2133 393 2176 in
420 2132 564 2194 apice
588 2131 964 2195 emarginatae,
1012 2145 1193 2194 neque
1229 2130 1291 2178 ad
1327 2133 1685 2185 insertionem

89 2212 266 2264 usque
290 2200 463 2245 aristae
488 2198 680 2245 bifidae.
737 2199 917 2245 Arista
942 2199 1194 2258 crassior,
1233 2202 1469 2264 asperior
1490 2213 1542 2250 et
1565 2220 1682 2252 ma-

90 2269 171 2330 gis
207 2268 437 2314 horsum
470 2280 698 2314 vorsum
728 2266 1004 2314 retroflexa
1041 2281 1207 2330 quam
1244 2269 1304 2315 in
1351 2272 1568 2318 caeteris.
1617 2298 1686 2307 —-

41 2352 48 2354 ⁷
87 2335 327 2383 Ulterius
372 2335 552 2382 culmo
594 2345 647 2383 et
691 2334 905 2382 rachide
951 2334 1271 2400 pubescenti
1314 2336 1388 2384 ub
1428 2337 1539 2386 aliis
1576 2343 1682 2388 exi-

86 2406 200 2452 mie
238 2402 427 2451 differt.

17 2479 104 2536 54.
141 2470 320 2520 ΑΙΡιΑ
357 2471 685 2537 coespicoscz:
745 2469 890 2518 foliis
925 2469 1102 2534 planis
1146 2471 1392 2531 sulcatis,
1434 2476 1683 2537 panicula

229 2539 454 2599 diffusa,
503 2538 826 2604 pedunculis
870 2539 1100 2598 scabris,
1165 2539 1400 2588 flosculis
1449 2542 1681 2606 calycem

225 2607 711 2657 subexcedentibus
731 2639 747 2666 ,
786 2606 942 2654 arista
970 2607 1119 2654 brevi
1141 2608 1366 2656 inclusa.

155 2675 224 2726 A.
268 2678 544 2741 caespitosa
585 2670 754 2722 Lz'mz.
797 2690 939 2722 svec.
978 2683 1154 2735 n.'70.
1239 2675 1470 2743 lappon.
1504 2696 1558 2727 n.
1593 2690 1680 2743 50.

291 2739 520 2807 Oed.ss.
547 2739 680 2790 dan.
710 2754 744 2789 t.
770 2749 888 2803 240.
950 2738 1189 2790 Sclzrad.
1211 2760 1462 2810 gerum-1.
1485 2763 1539 2811 p.
1564 2760 1679 2811 257.

284 2810 488 2880 Zoega
513 2806 716 2859 island.
753 2834 820 2846 -
856 2806 1070 2858 Laude.
1090 2807 1374 2879 foer'oens.
1398 2839 1466 2850 —
1494 2812 1679 2866 Gmel.

284 2880 385 2930 sib.
418 2900 455 2929 1.
477 2898 530 2944 p.
556 2889 638 2943 95.
664 2895 720 2925 n.
747 2890 829 2938 27.
908 2875 1131 2947 Liglzcs.
1156 2892 1292 2929 scot.
1317 2898 1370 2945 p.
1391 2889 1474 2945 94.
1560 2882 1678 2933 Ge..

287 2946 589 3017 orgiiflor.
614 2944 821 3006 bailia-l.
846 2963 897 3011 p.
931 2959 1043 3010 197.
1587 2964 1592 2965 ⁷

87 3018 225 3068 Hah.
263 3020 323 3067 in
355 3019 518 3084 pratis
553 3015 905 3065 subhumidis
939 3015 1180 3080 locisque
1219 3019 1543 3084 graminosis
1584 3038 1682 3087 per

151 3088 470 3135 universam
501 3085 836 3150 Lapponiam
877 3083 1189 3148 sylvaticam
1239 3097 1292 3134 et
1332 3087 1680 3153 subalpinam
1739 3144 1741 3146 ¹

151 3156 359 3220 ubique
404 3153 876 3218 frequentissime,
920 3162 985 3202 ut
1026 3153 1196 3202 etiam
1230 3155 1293 3203 in
1332 3156 1559 3207 salicetis
1601 3160 1678 3208 al..

151 3225 313 3289 pium
331 3223 552 3290 passim.
1096 3287 1142 3339 c
