2194 3893
532 227 784 280 ALGAE
834 231 1353 287 LICHENOSAE.
1656 247 1777 304 455

222 357 729 439 ’Νοτᾶεειρητίυες
793 377 895 411 nec
930 364 990 411 in
1027 362 1309 415 arboribus
1345 367 1638 434 Lapponiae
1666 387 1771 429 un-

259 443 424 492 quam
462 445 629 476 visus.

324 496 375 543 A
428 496 639 562 vulgari
688 497 900 548 dIffertt
976 498 1158 548 colore
1208 501 1547 563 obscuriore,
1607 508 1772 555 ramis

189 565 591 613 seiniteretibus
636 566 924 625 tortuosis,
981 569 1220 616 scutellis
1270 571 1380 618 fere
1426 592 1481 623 is.
1532 591 1641 638 ψει·
1686 578 1772 622 κὶ-

187 632 503 696 gro-fuscis
529 635 724 699 vixque
760 638 935 698 prima
974 635 1199 683 inFantia
1240 638 1531 688 subcaesiis.
1619 643 1770 689 Atta-

185 715 319 748 men
364 704 589 750 varietas
642 714 858 751 tantuin
907 705 1375 755 inconsiderabilis
1417 720 1526 767 est,
1583 710 1651 756 ob
1692 711 1772 757 lo·

186 784 315 815 cum
382 786 550 818 suum
615 771 971 820 solumunodo
1043 774 1295 837 insignis.
1391 776 1520 824 Fere
1576 793 1771 826 omnes

183 835 448 887 Liclienes
500 841 642 902 apud
681 855 782 887 nos
820 842 876 888 in
916 840 1197 896 arboribus
1238 853 1289 890 et
1325 842 1485 907 lignis
1533 862 1772 893 crescen-

184 915 261 952 tes
299 907 355 953 in
404 922 628 954 summo
677 910 1047 972 septentrione
1094 910 1338 959 saxatiles
1391 913 1631 961 evadunt
1678 930 1772 961 an-

183 982 406 1038 tequam
431 975 706 1023 desinunt.

111 1077 230 1136 818.
280 1075 544 1125 LICHEN
588 1075 829 1125 tenellas
865 1090 911 1135 β.
961 1078 1347 1143 angustifolius
1385 1080 1657 1146 digitatim
1690 1100 1770 1130 ra-

317 1161 511 1194 mosus
561 1145 898 1193 decumbens
952 1149 1320 1206 cinerescens,
1375 1149 1581 1197 latiniis
1624 1153 1772 1215 apice

318 1213 775 1262 adscendentibus
819 1215 1120 1262 incrassatis
1162 1215 1482 1277 fimbriatis,
1531 1220 1771 1267 scutellis

320 1283 464 1328 atris.

248 1349 308 1397 L.
358 1349 591 1399 tenellus
635 1346 800 1415 Scop.
852 1346 1207 1410 carn.‘1406.
1301 1348 1519 1400 Aelzar.
1569 1349 1769 1418 prodr.

378 1435 430 1482 p.
462 1432 571 1478 172.
644 1415 817 1484 Engl.
846 1415 958 1464 boc.
993 1430 1070 1478 19.
1099 1428 1136 1465 t.
1166 1427 1310 1480 ¹35¹·
1342 1418 1501 1468 bona.

247 1486 306 1534 L.
336 1486 583 1551 hispidus
612 1483 837 1533 Sclzreb.
865 1483 1047 1549 spicil.
1081 1502 1098 1530 1
1117 1497 1226 1532 ion.

246 1553 605 1602 Lichenoides
631 1553 917 1619 hispidum
940 1547 1161 1621 Iloffm.
1187 1550 1264 1618 pl.
1292 1551 1497 1603 lichen.
1528 1572 1570 1604 1.
1599 1574 1651 1623 p.
1692 1567 1770 1621 13.

388 1634 423 1669 t.
452 1633 499 1685 3.
529 1622 561 1669 f.
590 1636 632 1670 2.
659 1634 707 1684 ¹5.

170 1721 172 1724 .
246 1688 471 1739 Borrera
502 1690 696 1738 tenella
720 1686 945 1738 Aclmr.
972 1686 1357 1737 liclzen.univ.
1388 1706 1441 1755 p.
1473 1695 1598 1755 498.

244 1758 509 1806 Parmelia
538 1758 734 1806 tenella
762 1757 975 1806 Aclzar.
1007 1754 1176 1804 mech.
1200 1774 1252 1821 p.
1279 1763 1399 1821 498.

176 1823 315 1874 Hah.
354 1828 407 1873 in
449 1828 613 1890 petris
654 1826 940 1874 denudatis
979 1842 1146 1891 prope
1185 1826 1365 1872 littora
1402 1828 1567 1874 maris
1593 1825 1770 1875 Nord-

246 1894 446 1942 landiae
487 1905 539 1942 et
576 1894 903 1942 Finmarkiae
941 1910 1115 1959 usque
1153 1895 1212 1940 ad
1253 1893 1503 1959 Nordcap
1541 1898 1771 1959 passim3

244 1974 308 2010 ut
346 1965 508 2010 etiam
548 1964 606 2010 in
645 1963 942 2026 parietibus
981 1963 1175 2024 ligneis
1216 1961 1425 2010 ibidem
1464 1965 1692 2027 parcius.

314 2030 565 2078 Scutellae
603 2032 662 2077 in
702 2032 800 2077 hac
835 2032 1091 2079 varietate
1129 2046 1345 2094 semper
1382 2042 1538 2089 atrae,
1597 2033 1772 2095 apices

177 2096 501 2146 laciniarum
538 2100 629 2145 vix
667 2098 945 2158 fornicati,
1007 2110 1059 2147 et
1098 2099 1162 2147 tle
1201 2109 1391 2146 caetero
1435 2101 1626 2146 minus
1677 2101 1783 2149 ad«.

176 2167 494 2215 scendentes
550 2182 717 2231 quam
763 2171 822 2214 in
874 2168 1096 2232 vulgari.
1191 2166 1300 2214 Nec
1348 2166 1572 2225 dubito,
1634 2168 1772 2230 quin

176 2236 291 2283 haec
339 2246 390 2283 et
438 2236 635 2282 ultima
682 2237 882 2300 species
937 2233 1267 2282 Lichenibus
1305 2234 1607 2281 imbricatis
1644 2250 1771 2299 pro-

173 2307 322 2351 xime
359 2299 542 2351 affines
581 2304 722 2361 sint,
782 2314 845 2351 ut
894 2304 1123 2351 nonnisi
1175 2304 1457 2367 aegerrime
1505 2302 1622 2349 heic
1672 2319 1772 2366 po·

174 2383 390 2419 nuntur
438 2372 506 2419 ob
544 2370 930 2419 adscendentes
970 2387 1167 2419 eorum
1201 2370 1421 2418 lacinias
1471 2380 1525 2418 et
1566 2370 1771 2418 simili-

174 2440 428 2488 tudinem
467 2455 596 2488 cum
630 2434 695 2485 L.
737 2437 1129 2487 levclzomelas.

103 2547 223 2606 819.
263 2540 528 2590 LICHEN
596 2537 996 2589 canclelarius:
1091 2533 1482 2604 angustifoliissis
1564 2549 1771 2587 erectus

310 2609 587 2658 multifido
613 2639 634 2648 -
663 2609 975 2656 ramulosus
1030 2608 1347 2671 lacerusque
1409 2606 1769 2668 flavissimus,

310 2677 550 2726 scutellis
577 2676 956 2726 terminalibus
983 2673 1384 2725 concoloribus.

171 2759 222 2808 β.
257 2743 710 2795 subet-uscaceus.

238 2815 301 2863 L.
324 2814 658 2863 candelarius
685 2809 857 2861 Lirm.
882 2827 1021 2860 svec.
1046 2827 1102 2859 n.
1132 2807 1281 2873 1069.
1335 2805 1508 2873 Engl.
1540 2806 1653 2857 boc.
1685 2819 1766 2872 25.

378 2894 416 2930 t.
446 2892 598 2944 1794.
649 2876 873 2948 Lz'glch.
897 2891 1033 2928 scot.
1061 2896 1114 2944 p.
1140 2884 1259 2934 811.
1321 2872 1545 2943 Hoffm.
1576 2893 1765 2927 enum.

377 2947 511 3000 liclz.
536 2967 587 3015 p.
615 2960 696 3011 57.
726 2961 760 2996 t.
784 2953 834 3011 9.
858 2949 894 2996 f.
922 2960 969 3010 5.
1043 2943 1258 2995 Achar.
1278 2944 1479 3011 prodr.
1503 2963 1557 3012 p.
1588 2957 1673 3011 95.

238 3019 508 3069 Parmelia
531 3017 829 3067 candelaria
862 3012 996 3065 Aclz.
1019 3012 1190 3063 mech.
1215 3031 1267 3079 p.
1302 3021 1410 3074 187.

207 3107 209 3109 ’
239 3089 508 3136 Lecanora
531 3085 825 3134 candelaria
848 3081 989 3133 Aclz.
1013 3081 1145 3132 liele.
1172 3099 1265 3131 zm.
1293 3098 1347 3146 p.
1370 3079 1490 3141 416.

167 3155 305 3205 Hab.
364 3155 793 3221 perfectissimus
848 3154 902 3199 in
970 3153 1107 3201 saxis
1153 3166 1321 3218 prope
1369 3149 1551 3197 littora
1595 3150 1763 3206 maris

236 3224 566 3285 Finmarkiae
592 3233 644 3270 et
663 3221 1046 3278 Nordlandiae3
1084 3231 1137 3269 at
1158 3233 1205 3278 β.
1241 3221 1301 3267 in
1326 3217 1624 3284 parietibus
1658 3218 1784 3285 lig-⁷

238 3294 359 3343 neis
383 3292 553 3343 totius
575 3290 688 3343 fere
710 3291 1024 3356 Lapponiae.
1065 3356 1109 3405 E
1437 3295 1444 3301 ’

1122 3372 1149 3404 e
1184 3367 1218 3406 Ω
