2194 3893
450 256 558 309 552
891 314 894 317 ι
967 236 1555 292 CRYPTOGAMIA.

645 369 943 435 Singularis
968 370 1053 418 hic
1074 386 1295 418 muscus
1323 370 1576 417 facillime
1614 369 1960 436 distinguitur
1992 387 2078 420 co-

509 440 622 487 lore
656 454 754 485 suo
788 438 976 502 glauco
1011 439 1247 503 insigni,
1287 439 1378 502 qui
1415 449 1536 484 tum
1576 440 1633 485 in
1659 440 1794 486 sicco
1820 455 1874 485 ac
1896 440 2078 486 humi-

512 506 581 554 do
608 504 783 553 isdem
806 516 900 554 est.
939 505 1082 553 Folia
1108 507 1276 570 ipsius
1301 505 1464 553 caulis
1491 505 1671 553 brevia
1695 517 1824 553 sunt
1844 522 1942 554 nec
1966 507 2079 553 ullo

508 573 680 622 modo
714 573 988 638 elongata,
1038 585 1194 637 atque
1246 573 1550 636 subsparsa;
1599 573 1691 620 secl
1732 574 2080 638 perigonialia

510 641 675 705 triplo
702 641 945 705 longiora
976 643 1033 688 in
1071 642 1331 688 linearem
1365 642 1601 687 formam
1634 641 1890 706 elongata.
1963 640 2082 688 Seta

508 710 835 774 plerumque
855 709 1103 756 multum
1136 709 1350 774 longior
1384 725 1547 772 quam
1584 709 1762 755 caulis.
1837 707 2082 772 Calyptra

509 793 539 825 e
563 777 723 824 latere
744 778 907 824 unico
932 777 1185 835 dehiscit,
1226 792 1332 840 quo
1362 777 1569 840 optime
1601 792 1626 822 a
1650 776 2079 839 praecedentibus

510 845 891 909 distingvitur,
931 844 1127 909 quibus
1152 861 1207 893 re
1232 860 1352 892 vera
1379 845 1614 891 minime
1638 840 1808 891 affinis
1833 854 1926 891 est.

439 956 557 1016 585.
596 950 1182 1001 TRICHOSTOMUM
1210 946 1621 1017 cylindriczcm:
1660 951 1962 1008 subacaule,
2000 949 2082 997 fo-

652 1021 738 1067 liis
789 1021 905 1067 basi
954 1019 1440 1083 subvaginantibus
1495 1019 1784 1081 capillacuis
1832 1019 2081 1065 flexuosis

641 1088 985 1152 patentibus,
1016 1087 1225 1150 capsula
1254 1085 1541 1148 cylindrica
1564 1086 1886 1133 subincurva
1908 1086 2082 1132 laevis-

643 1156 811 1213 sima,
852 1155 1104 1218 operculo
1135 1154 1340 1200 conico.

572 1223 662 1271 Tr.
692 1223 1053 1285 cylindricum
1087 1217 1283 1269 Hedw.
1305 1236 1450 1284 specu
1479 1234 1648 1268 muse.
1695 1235 1746 1283 p.
1787 1231 1899 1281 107.
1939 1230 1974 1266 t.
2002 1226 2084 1280 24.

709 1290 746 1337 f.
792 1302 866 1349 7-
892 1301 969 1351 15.
1518 1302 1526 1310 ⁴
1582 1306 1584 1309 ’

573 1358 875 1429 Dicranum
930 1355 1293 1421 cylindricum
1349 1351 1512 1406 Web.
1572 1367 1628 1404 ec
1658 1350 1846 1403 *Molcr
1905 1366 2084 1422 crypt.

707 1443 759 1491 p.
782 1439 898 1473 202.

572 1495 663 1542 Tr.
687 1493 1047 1544 tenuifolium
1082 1488 1320 1540 Sclzrad.
1360 1489 1508 1540 ἀίειν.
1554 1503 1696 1554 1799.
1733 1503 1782 1540 2.
1820 1508 1872 1556 p.
1899 1497 1982 1552 58.

573 1561 785 1625 Bryum
806 1561 1161 1624 paucifolium
1195 1557 1387 1607 Dicks.
1428 1572 1462 1607 t.
1493 1575 1568 1606 11.
1607 1559 1643 1606 f.
1668 1570 1716 1620 5.

503 1629 642 1680 Hah.
677 1630 736 1677 in
768 1640 903 1678 terra
942 1644 1161 1676 arenosa
1198 1628 1464 1676 denudata
1497 1638 1711 1674 succosa
1744 1627 1976 1691 regionis
2001 1627 2086 1673 in·

573 1697 852 1761 feralpinae
888 1713 1031 1745 raro:
1080 1697 1163 1743 uti
1201 1696 1265 1743 ad
1300 1696 1579 1760 templum
1612 1696 1894 1759 Lyngense
1940 1704 1991 1741 et
2023 1693 2088 1739 ad

571 1764 941 1815 Storstensna's
977 1763 1311 1828 praefecturae
1332 1764 1709 1820 Tromsensis,
1755 1778 1854 1810 nec
1884 1777 1999 1808 non
2023 1760 2087 1807 ad

572 1831 869 1894 Vfittfjffllet
890 1832 1042 1879 sinus
1069 1832 1347 1888 Saltensis;
1394 1841 1457 1877 ut
1489 1831 1653 1878 etiam
1685 1831 1740 1876 in
1776 1839 1923 1893 parte
1959 1828 2085 1875 sub-

572 1899 824 1962 sylvatica
844 1900 1138 1964 Lapponiae
1161 1900 1380 1946 svecicae
1407 1899 1708 1955 rarissime,
1755 1913 1855 1944 nec
1886 1897 1994 1943 nisi
2023 1895 2085 1943 ad

572 1967 851 2031 templum
872 1967 1169 2013 Enontekis
1192 1967 1474 2014 Tornense
1506 1975 1558 2013 et
1590 1965 1863 2029 templum
1889 1963 2087 2032 Quick-

571 2033 694 2096 jock
716 2034 949 2082 Lulense
974 2033 1196 2081 lectum.

635 2102 839 2151 Habitu
872 2116 898 2148 a
929 2100 1360 2165 praecedentibus
1406 2100 1568 2164 longe
1607 2099 1832 2156 recedit,
1886 2110 1936 2146 et
1971 2096 2086 2147 Di-

507 2184 682 2218 crano
716 2184 1008 2234 purpureo
1035 2168 1196 2232 longe
1230 2168 1462 2214 similius
1489 2178 1580 2215 est.
1663 2166 1938 2214 Omnibus
1969 2183 2086 2230 par-

504 2238 651 2286 tibus
664 2238 1032 2304 gracillimum
1048 2246 1098 2283 et
1128 2237 1298 2300 magis
1320 2235 1565 2299 capillare
1591 2251 1751 2297 quam
1778 2234 2084 2298 aliuquuis-

507 2321 613 2372 que
639 2320 861 2353 muscus
892 2305 1147 2352 svecicus.
1231 2302 1375 2350 Folia
1406 2304 1470 2349 iis
1497 2298 1954 2368 Didymodoncz‘s
1987 2317 2084 2348 ca-

504 2371 743 2439 pillaeez'
762 2383 841 2420 sat
862 2371 1061 2420 similia
1079 2404 1096 2429 ,
1133 2370 1223 2419 sed
1246 2370 1491 2434 undique
1512 2372 1763 2433 patentia.
1818 2369 1953 2416 Setae
1977 2370 2086 2416 exi-

503 2443 617 2490 mie
649 2440 1037 2497 fulvescente8‚
1085 2439 1425 2486 tenuissimas
1471 2438 1750 2485 interdum
1786 2437 1893 2485 fere
1924 2437 2086 2501 polli-

507 2523 627 2557 cem
667 2509 866 2571 longae.
948 2506 1193 2569 capsulae
1240 2507 1403 2554 etiam
1449 2515 1669 2564 tenues,
1719 2516 1835 2553 seta
1875 2505 2086 2569 aequina

504 2576 651 2624 haud
675 2577 985 2632 crassiores,
1023 2573 1412 2639 longiusculae‚
1452 2573 1720 2631 curvulae,
1768 2573 1928 2619 laeves
1953 2571 2086 2629 (nec

503 2643 621 2691 ullo
673 2641 841 2690 modo
884 2644 1080 2690 striatae
1120 2652 1183 2690 ut
1221 2642 1281 2690 in
1323 2641 1555 2689 Dicrano
1596 2638 1936 2705 purpureo),
1993 2654 2084 2685 ru-

506 2710 784 2761 fescenteS.
830 2715 832 2717 ’

808 2818 1709 2881 FISSIDENS.

1013 2920 1165 2962 HedW.
1194 2932 1308 2973 spec,
1338 2935 1385 2977 p.
1415 2930 1509 2972 152.

503 2997 625 3045 Fru
641 3015 666 3045 c
682 2996 727 3043 ti
744 2995 1098 3043 ficationes
1132 2994 1398 3050 monoicae3
1432 3010 1454 3041 s
1470 2991 1686 3040 terilis
1709 2990 2082 3055 gemmiformis.

504 3062 546 3109 C
559 3078 585 3108 a
600 3078 633 3126 p
649 3078 671 3108 s
685 3059 786 3106 ula
853 3056 1229 3124 subtinaequalis.
1322 3057 1357 3103 P
1371 3073 1398 3121 e
1410 3056 1504 3102 ris
1519 3066 1539 3101 t
1551 3071 1581 3100 o
1596 3053 1776 3099 mium
1841 3052 2081 3119 simplex:

604 3122 842 3171 dentibus
875 3120 1092 3168 sedecim
1108 3155 1121 3180 ‚
1156 3118 1439 3167 latiusculis
1453 3152 1465 3174 ‚
1500 3115 1682 3163 bifidis.

444 3213 560 3271 584·
596 3206 940 3257 FISSIDENS
977 3201 1312 3273 caxz'folz‘as:
1384 3202 1532 3251 caule
1582 3198 1910 3264 pinniformi
1956 3201 2081 3249 sub-

649 3275 857 3333 diviso,
902 3273 1047 3321 foliis
1079 3275 1218 3328 ultra
1256 3270 1508 3320 medium
1539 3267 1855 3331 dupplicatis
1890 3269 2082 3317 oblon-
