2194 3893
789 293 1132 348 DIOECIA.
1670 290 1784 357 267

269 425 709 492 S.·n1yrtilloides
747 425 917 478 Lina.
954 443 1093 477 sveC.
1130 443 1187 476 n.
1211 432 1328 489 889.
1398 423 1553 492 Iapp.
1590 443 1645 475 n.
1671 434 1787 489 557.

408 498 510 545 tab.
539 502 587 554 8.
627 498 711 562 fig.
739 500 771 547 i.
798 501 847 546 k.
921 494 1121 545 Pallas
1139 494 1204 545 ic.
1227 493 1380 543 sibir.
1413 507 1461 558 5.
1484 500 1643 560 ps35.
1670 504 1788 557 449.

406 562 689 632 Pallasst.
717 583 850 616 ross.
887 579 935 616 2.
973 583 1025 632 p.
1058 577 1142 629 79.
1219 561 1452 633 Georgii
1468 560 1543 628 fl.
1578 560 1810 616 bathal„

314 679 316 682 ,
404 651 455 698 p.
495 633 643 696 256.-

270 699 322 749 S.
348 700 490 751 foliis
515 703 830 752 subserratis
855 714 951 752 etc.
994 697 1290 751 Gmel.sib.
1334 717 1377 748 1.
1405 696 1589 765 p:166.
1627 716 1683 747 n.
1707 711 1788 747 21.

273 766 415 817 Icon
441 771 542 819 tab.
567 784 733 819 nostr.
758 772 933 820 XVIII.
973 772 1054 836 fig.
1087 788 1129 818 1.

205 837 343 886 Hab.
370 841 427 886 in
460 841 748 898 paludibus
778 842 1082 906 spongiosis
1118 841 1260 887 inter
1292 837 1548 886 Betulam
1588 850 1792 883 nanam

274 923 368 972 per
391 920 600 971 partem
624 909 935 971 sylvaticani
961 907 1281 956 inferiorem
1301 907 1564 954 omnium
1586 906 1790 969 Lappo-

273 977 494 1023 niarum
525 980 857 1026 svecicarum
891 977 1095 1041 passim
1142 976 1454 1040 frequenter
1487 989 1567 1022 ex.
1612 989 1688 1039 gr.
1730 970 1796 1020 ad

274 1042 578 1106 Sodankyla'
595 1079 609 1103 ,
648 1045 962 1107 Kiuruja'rvi
997 1056 1048 1093 et
1071 1043 1356 1108 Pyha'ja'rvi
1380 1044 1670 1107 Lapponiae
1690 1040 1797 1088 Ke-

276 1114 514 1171 mensis,
554 1116 694 1161 inter
726 1115 1014 1161 Jockmock
1052 1123 1104 1161 et
1138 1112 1462 1160 Storbacken
1501 1111 1794 1174 Lapponiae

277 1181 548 1239 Lulensis,
587 1183 648 1228 ad
673 1181 929 1247 Arjeplog
954 1182 1246 1246 Lapponiae
1267 1180 1521 1237 l'itensi8‚
1558 1194 1660 1225 nec
1678 1193 1794 1225 non

215 1301 224 1308 ‚
276 1249 419 1296 inter
441 1251 692 1310 Lyckaele
715 1262 764 1298 et
787 1252 1022 1315 'I‘egsuas
1055 1251 1341 1313 Lapponiae
1368 1247 1639 1295 Umensis.
1690 1244 1798 1293 Ne-

277 1333 381 1381 que
419 1322 559 1364 esftra
596 1321 732 1367 hanc
766 1322 1040 1382 regionem
1068 1318 1361 1381 Lapponiae
1395 1331 1512 1363 eam
1548 1329 1797 1379 unquam

275 1385 418 1440 vicli;
471 1386 559 1433 sed
597 1388 820 1434 denium
861 1404 886 1434 e
922 1386 1184 1447 Nylandia
1233 1385 1529 1431 Fennoniae
1566 1382 1797 1432 eandem

276 1453 459 1501 attulit
487 1455 622 1501 Nob.
653 1472 678 1501 a
705 1452 972 1501 Forselles
1001 1470 1247 1500 unacum
1288 1446 1671 1500 Andromeda
1703 1466 1796 1497 ca-

276 1519 568 1588 lyculccccz,
610 1520 820 1570 Becctla
843 1539 1026 1581 nana,
1070 1520 1268 1569 Cornu
1288 1522 1508 1568 svecica
1535 1530 1632 1567 etc.

349 1591 444 1638 vix
467 1594 622 1639 datur
642 1593 738 1638 alia
777 1593 1029 1656 quaedam
1054 1591 1194 1637 Salix
1226 1590 1454 1654 singulis
1490 1589 1601 1635 suis
1637 1588 1798 1652 parti-

212 1655 315 1705 bus
365 1661 529 1706 etiam
587 1661 1006 1707 tructi'ucationis
1059 1660 1129 1715 ita
1180 1659 1529 1723 glaberrima,
1593 1672 1693 1703 nec
1736 1660 1799 1702 ab

214 1727 476 1774 omnibus
515 1728 628 1775 aliis
665 1727 836 1792 magis
873 1729 1139 1774 distincta.
1214 1726 1486 1773 Fruticeni
1520 1720 1819 1771 constituit'

214 1796 419 1843 circiter
452 1797 788 1861 bipedalem,
845 1806 1041 1860 parum
1077 1795 1410 1843 declinatum
1453 1791 1542 1840 vel
1583 1791 1802 1840 adscen-

217 1863 442 1911 dentem
486 1864 718 1928 ideoque
756 1864 899 1910 foliis
944 1863 1269 1926 plerumque
1314 1859 1668 1908 subsecundis
1714 1862 1801 1907 in-

215 1941 486 1978 structum
504 1966 518 1989 ‚
562 1933 688 1979 facie
713 1947 806 1981 sua
834 1930 1213 1978 caerulescente
1239 1929 1559 1993 glaberrima
1583 1939 1634 1976 et
1656 1927 1801 1976 foliis

213 1999 518 2047 rotundatis
550 1997 891 2047 Vaccinium
916 1997 1265 2066 uliginosum
1287 1994 1352 2045 L.
1388 1999 1511 2045 satis
1550 1996 1688 2044 bene
1722 2014 1801 2044 re-

215 2067 499 2115 ferentem.
573 2068 796 2115 Ramuli
828 2067 1174 2132 glaberrimi,
1208 2066 1562 2115 rufescentes.
1656 2064 1805 2112 Folia

214 2142 390 2183 exacte
415 2136 964 2200 oblongo-elliptica,
1001 2137 1262 2200 utrinque
1288 2134 1510 2193 obtusa,
1548 2131 1639 2181 sed
1665 2148 1804 2198 prae-

214 2205 372 2267 cipue
396 2204 507 2252 basi
542 2204 888 2252 obtusissmia
923 2215 975 2253 et
1006 2205 1242 2252 omnino
1281 2202 1628 2259 subcordata‚
1665 2204 1804 2248 inte-

213 2273 448 2337 gerrima
490 2284 542 2321 et
580 2274 919 2336 marginibus
967 2283 1273 2330 recurvata,
1329 2281 1560 2318 saturate
1594 2269 1809 2329 viridia,

214 2340 408 2388 subtus
442 2357 635 2406 parum
671 2341 984 2405 pallidiora,
1021 2356 1123 2388 nec
1146 2341 1256 2387 nisi
1291 2340 1461 2386 rarius
1488 2337 1806 2402 subglauce-

142 2419 150 2424 '
214 2411 448 2468 scentia,
485 2408 867 2475 magnitudine
890 2409 1218 2472 plerumque
1241 2408 1331 2454 vix
1362 2407 1806 2469 seniipollicaria3

218 2478 409 2542 petioli
442 2478 658 2537 breves,
706 2478 986 2543 gemmam
1020 2477 1304 2524 fulcratam
1338 2477 1430 2523 vix
1470 2485 1808 2539 superantes,

219 2562 437 2611 semper
473 2547 609 2594 nudi
643 2548 757 2594 sine
792 2547 917 2593 ‘ullis
950 2546 1182 2610 stipulis.
1254 2545 1490 2592 Amenta
1523 2543 1809 2608 peduncu-

221 2614 326 2661 lata
356 2625 407 2662 et
430 2614 574 2662 foliis
597 2614 886 2662 nonnulhs
914 2614 1133 2678 stipata,
1172 2612 1385 2677 quodad
1416 2627 1611 2660 omnes
1632 2621 1810 2675 partes

220 2683 543 2748 glaberrima
573 2695 636 2729 ut
669 2684 761 2729 vix
795 2681 1020 2747 quidem
1062 2682 1232 2729 rachis
1284 2679 1569 2728 interdum
1603 2679 1810 2743 subpu-

219 2751 443 2800 bescens
467 2753 745 2815 reperitur.
799 2749 1049 2814 Squamae
1075 2749 1328 2797 Femineae
1351 2749 1588 2795 nrinutae
1611 2749 1813 2810 vixque

222 2822 441 2869 tertiam
482 2831 692 2885 partem
732 2819 980 2883 pedicelli
1021 2828 1365 2882 superantes,
1414 2817 1654 2873 obtusae,
1704 2815 1813 2880 gla-
1851 2821 1854 2823 ’

191 2905 197 2915 ·
223 2885 349 2937 brae.
421 2888 673 2937 Pedicelli
699 2890 1011 2952 germinum
1034 2885 1367 2951 longiusculi
1391 2884 1479 2932 vel
1500 2884 1672 2948 ipsius
1697 2896 1814 2948 ger-

223 2959 396 3006 minis
418 2956 829 3023 longitudinem
855 2965 1151 3019 aequantes,
1189 2952 1374 3018 glabri.
1449 2951 1708 3000 Germina
1734 2966 1816 2998 sa-

225 3028 290 3073 tis
316 3028 628 3083 incrassata,
664 3025 990 3088 plerumque
1013 3023 1301 3087 insigniter
1321 3020 1639 3069 rubicunda.
1695 3017 1818 3082 Sty-

202 3094 313 3141 olus
370 3094 480 3143 fere
525 3094 753 3142 nullus:
823 3094 1073 3156 stigmate
1129 3084 1433 3148 subsedsih,
1501 3086 1819 3157 quadrifido.

228 3162 547 3210 Nectarium
568 3163 830 3221 unicum,
868 3169 1200 3207 truncatum.
1271 3155 1516 3222 Capsulae
1540 3156 1818 3218 majuscu-

193 3277 199 3286 ,
225 3231 394 3291 culae,
433 3231 829 3296 sesquitertiam
856 3229 1064 3277 circiter
1086 3226 1287 3274 lineam
1309 3226 1507 3292 longae.
1580 3224 1821 3273 Anffenta

226 3299 790 3364 masculagracillima
813 3308 865 3348 et
890 3296 1015 3346 satis
1038 3294 1367 3361 sparsiflora,
1415 3293 1677 3344 omnibus
1700 3307 1819 3358 pat-

231 3369 374 3417 tibus
398 3367 737 3434 glaberrima.
1137 3392 1140 3393 ⁷
1705 3361 1707 3363 ’
