2194 3893
440 216 472 251 2

482 209 556 264 93
955 199 1553 255 cRYPToeAMIA.

639 326 821 378 Caulis
835 345 1030 394 parum
1047 334 1265 381 crassior
1288 350 1456 399 quam
1476 335 1532 382 in
1559 332 1630 384 E.
1660 334 1946 403 hyemali,
1971 342 2085 388 vix-

502 411 607 459 que
633 398 1047 447 crassitudinem
1077 401 1268 448 calami
1299 404 1564 467 scriptorii
1600 420 1892 468 superans,
1938 410 2083 456 striis

499 463 588 510 vel
612 464 775 512 sulcis
805 468 1008 515 circiter
1050 470 1250 533 viginti
1283 481 1551 529 exaratus,
1610 471 1675 520 de
1709 483 1901 520 caetero
1934 474 2084 523 laevis

499 532 621 579 sine
669 534 882 597 angulis
918 537 1130 599 asperis.
1224 537 1441 602 Vaginae
1478 539 1642 587 caulis
1678 540 1966 589 annulares
1998 543 2086 591 vel

496 611 744 664 respectu
775 602 1137 667 longitudinis
1178 605 1530 654 latitudinem
1572 606 1718 654 haud
1754 616 2090 672 superantes,

497 671 825 718 constrictae:
860 673 1107 737 margine
1144 675 1420 737 superiore
1446 685 1560 722 toto
1592 676 1783 740 nigro,
1830 676 2083 724 (lentibus

497 737 699 800 nigris,
771 740 945 803 opacis
999 741 1366 789 acicularibus.
1467 743 1629 789 Rami
1675 743 1815 791 ultra
1857 744 2086 808 digitem

496 802 680 869 longi,
721 807 808 852 vix
833 809 1095 872 asperuIi:
1136 811 1455 875 vaginarum
1489 810 1743 859 dentibus
1780 811 2087 860 lanceolatis

496 872 642 934 apice
662 875 847 939 nigris.
929 875 1078 940 Spica
1101 878 1242 925 intra
1278 880 1534 943 vaginam
1570 879 1921 927 terminalem
1955 880 2086 928 sub-

495 940 692 988 sessilis
713 975 728 999 ‚
767 944 1077 1007 nigerrima.

629 1008 746 1057 Hoc
778 1011 1077 1058 Svecorum
1113 1013 1473 1060 notissimum
1508 1010 1725 1061 Frc'iken
1770 1025 1878 1072 est,
1937 1025 1990 1063 et
2024 1017 2083 1062 in

493 1076 754 1123 omnibus
780 1079 1034 1125 herbariis
1059 1081 1274 1126 svecicis
1299 1082 1535 1145 antiquis
1554 1136 1555 1139 Ἰ
1572 1098 1670 1145 pro
1706 1079 1776 1128 E.
1796 1079 2087 1146 fluviatili

491 1143 808 1204 exhibetur,
847 1147 991 1193 inter
1010 1162 1131 1211 quae
1169 1147 1411 1194 herbaria
1447 1149 1525 1195 Fr.
1559 1150 1879 1213 Ziervogelii
1913 1152 2083 1214 ipsius

488 1208 691 1260 Linne'i
735 1214 791 1260 in
820 1214 1014 1262 itinere
1052 1215 1396 1262 Gottlandico
1433 1219 1565 1264 socii
1597 1219 1808 1264 summi
1850 1220 2081 1265 auctori-

488 1278 612 1327 tatis
640 1291 733 1328 est.
775 1280 975 1329 Contra
1000 1279 1070 1329 E.
1103 1279 1451 1351 Telmaceja‚
1491 1301 1515 1331 a
1541 1284 1649 1332 Cel.
1675 1282 1874 1333 Smiclz.
1910 1282 2080 1350 Engl.

488 1341 601 1394 boc.
630 1361 708 1411 29
735 1359 769 1395 t.
798 1361 948 1397 2022.
970 1367 1253 1415 perperam
1287 1352 1592 1399 admodum
1623 1369 1720 1417 pro
1758 1350 1830 1401 E.
1853 1349 2078 1416 fluvia-

490 1411 582 1460 cilz'
605 1417 933 1477 exhibitum,
958 1434 1058 1466 nec
1086 1421 1143 1466 in
1169 1419 1349 1467 fluviis
1374 1423 1576 1478 crescit,
1613 1437 1714 1469 nec
1735 1424 1792 1469 in
1817 1432 1925 1468 tota
1950 1421 2080 1467 Sve-

488 1482 565 1527 cia
598 1484 801 1531 lectum
845 1496 953 1544 est,
1000 1488 1110 1534 nisi
1150 1488 1206 1533 in
1245 1489 1444 1534 extima
1486 1488 1689 1536 Scania.
1784 1488 2081 1557 Quomodo

487 1558 618 1599 tunc
642 1549 840 1600 Linne'i
861 1553 1044 1616 planta
1069 1553 1384 1618 originalis?

415 1623 532 1677 528.
595 1620 1005 1688 EQfflSETUM
1054 1634 1314 1687 reptans.-
1384 1624 1734 1682 multicaule‚
1803 1623 2080 1672 cauliculis

618 1689 1108 1753 procumbentibus
1129 1691 1480 1738 filiformibus
1503 1693 1667 1738 nudis
1689 1691 1884 1740 scabris
1921 1704 2078 1741 tetra-

616 1757 803 1819 gonis,
842 1759 1165 1819 vaginarum
1191 1758 1444 1804 dentibus
1471 1761 1686 1807 setaceis
1720 1761 1904 1824 nigris.

551 1823 609 1870 E.
637 1835 849 1887 reptans
894 1821 1202 1873 PValzlenb.
1232 1827 1290 1872 z'rz
1318 1822 1484 1873 W'eb.
1516 1838 1570 1872 ec
1593 1823 1769 1874 Molzr
1787 1824 1906 1874 ind.
1935 1841 2075 1876 mus.

550 1891 610 1938 E.
649 1893 897 1953 hyemale
923 1894 989 1939 A.
1019 1894 1287 1940 tenellum
1307 1890 1599 1961 Liljeblad
1621 1891 1848 1958 sv.stor.
1873 1911 1926 1959 p.
1955 1902 2070 1956 584.

549 1960 608 2006 E.
636 1960 923 2019 scirpoides
951 1957 1236 2008 Jslz‘clzaux
1266 1978 1440 2009 amer.
1469 1975 1513 2009 2.
1541 1979 1591 2026 p.
1617 1970 1730 2023 28¹·
1756 1960 2074 2010 secundum·

688 2024 851 2076 IVeb.
880 2038 935 2074 ec
957 2025 1132 2075 fllolzr
1161 2040 1340 2095 crypt.
1380 2047 1428 2092 p.
1459 2028 1544 2078 60.

479 2100 526 2147 β.
556 2096 944 2162 variegatam:
985 2099 1240 2153 crassius,
1279 2098 1558 2144 cauliculis
1590 2099 1946 2163 pentagonis,
1982 2114 2072 2147 va-

550 2166 805 2227 ginarum
833 2163 1084 2212 dentibus
1115 2165 1529 2213 sublanceolatis
1557 2167 1926 2213 albicantibus.

547 2233 606 2279 E.
632 2234 965 2296 variegatum
991 2231 1265 2280 Sclzlez'clz.
1295 2232 1465 2281 catal.
1493 2250 1548 2280 11.
1581 2247 1661 2280 21.
1745 2231 1916 2299 Engl.
1954 2230 2067 2281 boc.

683 2307 765 2359 28.
795 2311 829 2346 t.
861 2309 1004 2364 1987.
1079 2296 1361 2350 ch'llden.
1384 2317 1529 2365 spec,
1557 2311 1602 2363 5.
1629 2319 1679 2366 p.
1705 2315 1752 2362 7.
1815 2298 2072 2349 Sclzkalzr

687 2378 866 2434 crypt.
890 2387 941 2433 p.
974 2381 1081 2429 177.
1108 2379 1143 2416 t.
1175 2381 1285 2429 172.
1311 2369 1360 2416 b.
1385 2369 1528 2416 haud
1555 2370 1713 2417 bona.

545 2435 603 2482 E.
631 2437 913 2484 nodosum
936 2433 1188 2491 Sclzrarzlc
1205 2434 1341 2500 flor.
1366 2435 1558 2485 bavar.
1595 2472 1600 2476 -

477 2501 615 2550 Hab.
641 2505 699 2550 in
723 2505 948 2568 rupibus
963 2505 1111 2553 elatis
1124 2507 1408 2553 montium
1425 2503 2069 2569 infer-alpinorumNord-

547 2571 746 2619 landiae
792 2576 1022 2634 passim3
1077 2585 1140 2620 ut
1181 2575 1343 2621 etiam
1389 2575 1447 2620 in
1491 2574 1702 2638 alpibus
1739 2573 2065 2619 Lulensibus

546 2655 714 2702 prope
758 2639 1074 2701 Virib-jaur
1119 2643 1288 2689 rarius
1333 2642 1534 2689 visum.
1640 2640 1830 2708 Quum
1883 2651 2069 2687 autem

544 2705 828 2754 difficulter
853 2709 1138 2756 invenitur
1160 2709 1228 2756 ob
1255 2709 1429 2757 caules
1459 2719 1648 2757 tenues
1682 2707 2066 2765 clandestinos,

543 2776 635 2821 vix
661 2775 848 2822 dubito
874 2778 1009 2839 quin
1031 2777 1303 2842 vulgatius
1327 2778 1411 2824 sit.
1483 2790 1529 2831 β.
1564 2778 1622 2823 in
1655 2775 1784 2838 ripis
1818 2774 2066 2822 fluminis

543 2842 886 2892 Vindelensis
955 2859 1123 2909 prope
1183 2843 1393 2893 Sorsele
1462 2843 1757 2908 Lapponiae
1812 2842 2065 2890 Umensis

543 2911 765 2959 lectum.

613 2979 1036 3026 Tenuissimum
1074 2979 1161 3026 sui
1195 2974 1438 3045 generis,
1486 2987 1538 3025 et
1572 2975 1634 3023 ab
1675 2976 1936 3024 omnibus
1980 2976 2061 3023 di-

476 3048 918 3096 stinctissinium.
998 3045 1172 3094 Radix
1202 3048 1365 3111 longe
1408 3046 1620 3108 lateque
1651 3044 1750 3091 sub
1784 3045 2063 3110 superficie

475 3126 630 3164 terrae
654 3116 793 3177 repit
818 3126 883 3161 ut
901 3115 1069 3162 etiarn
1094 3116 1298 3178 passim
1329 3128 1486 3176 supra
1518 3123 1709 3159 terram
1727 3145 1743 3170 ,
1791 3113 2064 3175 simulque

471 3185 678 3247 passim
703 3182 965 3230 dividitur
990 3183 1049 3228 in
1073 3196 1251 3229 ramos
1277 3180 1543 3227 solitarios
1581 3190 1632 3227 et
1666 3180 1790 3227 dein
1831 3180 2061 3228 caulicu-

473 3251 555 3298 los
590 3250 800 3298 multos
833 3251 1055 3307 exserit,
1107 3264 1210 3312 qua
1232 3263 1288 3297 re
1308 3258 1628 3313 sequentem
1647 3250 1884 3313 speciem
1908 3246 2063 3295 valde

2180 3648 2194 3798 L—.aae”
2190 3589 2194 3615 -..
