2194 3893
604 202 1150 258 TETRANDRIA.
1184 241 1197 252 .
1629 223 1662 277 5
1677 224 1701 262 1

41 354 47 356 f
117 341 165 389 β.
199 331 536 400 pubescens:
575 333 720 383 foliis
748 336 957 385 sericeis
980 347 1133 384 acute
1155 339 1380 387 serratis.

185 402 252 450 A.
275 402 573 466 pubescens
593 400 863 451 Lamark.

113 469 250 518 Hah.
288 471 348 517 in
379 473 703 534 graminosis
750 471 1060 520 siccioribus
1098 487 1194 536 per
1224 486 1436 538 partem
1477 477 1697 541 sylvati-

185 555 304 587 cam
348 550 401 586 et
447 540 792 602 subalpinam
839 541 1099 587 onmium
1147 540 1553 606 Lapponiarmu
1597 564 1698 596 nec

176 616 299 655 'non
314 607 372 653 in
389 608 727 672 inl'eralpinis
741 608 1052 672 Norvegicis
1075 606 1279 672 ubique
1293 612 1697 676 vulgatissin‘ie;

182 676 243 723 in
282 674 507 723 salicetis
546 676 756 740 alpium
794 675 937 736 juxta
976 675 1179 723 rivulos
1229 694 1446 742 quoque
1493 685 1699 744 passim

183 744 442 802 occurrit,
481 744 570 792 sed
595 745 826 792 nonnisi
847 744 1015 791 rarius
1039 743 1267 792 ulterius
1300 746 1592 797 adscendit.

114 818 163 866 β.
200 812 259 859 in
285 811 604 875 alpestribus
628 813 813 877 apricis
838 813 988 859 siccis
1014 812 1219 875 passim
1243 817 1487 863 occurrit.

44 907 128 957 91.
171 891 632 941 ALCHEMILLA
657 891 883 958 alpina:
921 891 1067 940 foliis
1094 892 1329 958 dignatis
1356 895 1563 946 obtusis
1586 903 1697 965 api.

251 977 308 1009 ce
345 964 552 1009 serratis
600 962 793 1009 subtus
851 961 1077 1009 sericeis.
1174 957 1456 1014 Willden.
1508 983 1694 1018 enum.

249 1026 398 1077 hore.
422 1027 594 1078 berol.
620 1047 670 1094 p.
707 1041 815 1090 ¹7¹·

180 1094 248 1146 A.
297 1099 476 1160 alpina
521 1095 691 1145 Limz.
740 1112 879 1146 svec.
929 1113 986 1145 n.
1039 1103 1151 1159 142.
1226 1095 1459 1166 lappon.
1508 1121 1563 1152 n.
1612 1104 1696 1167 67.

316 1163 518 1233 Zoegcz
541 1162 747 1214 island.
770 1191 839 1199 —
859 1161 1084 1232 Liglztf.
1107 1178 1246 1215 scot.
1272 1184 1323 1231 p.
1355 1182 1468 1218 120.
1540 1171 1693 1224 Flor.

320 1231 453 1283 dan.
496 1247 529 1282 t.
568 1242 651 1296 49.
740 1231 959 1283 Gcerctz.
987 1233 1173 1303 fruct.
1217 1252 1257 1282 1.
1295 1253 1347 1300 p.
1380 1238 1503 1300 546.
1540 1253 1576 1290 t.
1612 1255 1695 1307 73.

315 1299 514 1350 Laude
528 1298 809 1371 seeroelzs.
848 1328 916 1336 -—-

115 1370 251 1419 Hab.
278 1372 341 1419 acl
377 1388 535 1436 rupes
571 1371 702 1419 locis
745 1370 1073 1419 suboccultis
1107 1371 1165 1418 in
1205 1371 1411 1436 alpium
1441 1377 1698 1427 meridio-

182 1440 399 1488 nalium
430 1439 681 1488 lateribus
717 1438 1052 1503 frequenter,
1089 1441 1150 1487 in
1187 1444 1703 1504 septentrionalium

181 1509 419 1575 parcius;
474 1518 537 1555 ut
583 1518 637 1555 et
670 1508 729 1555 in
766 1507 993 1571 rupibus
1031 1507 1371 1573 inferalpinis
1407 1513 1701 1564 maritimis

183 1593 356 1642 usque
380 1576 443 1623 acl
464 1576 708 1640 Norclcap
740 1578 945 1641 passim
980 1578 1211 1640 copiose.
1285 1577 1347 1625 In
1380 1581 1589 1628 suecico
1624 1583 1700 1631 la-

182 1655 292 1693 tere
325 1646 466 1692 intra
501 1645 640 1708 ipsas
674 1644 816 1708 alpes
851 1645 1059 1692 altiores
1091 1651 1385 1708 nunquam
1407 1647 1701 1710 descendit,

183 1724 374 1778 utpote
412 1712 554 1760 haud
593 1712 707 1759 visa
743 1711 884 1759 infra
921 1713 1186 1761 Givorten
1225 1716 1385 1778 Lapp.
1426 1715 1701 1780 Umensis,

180 1782 469 1830 Peliekaise
508 1781 671 1844 Lapp.
706 1780 970 1839 Pitensis‚
1031 1780 1292 1830 Vallivare
1318 1783 1557 1848 Lappon.
1592 1787 1700 1836 Lu-

184 1850 348 1900 lensis
365 1884 381 1911 ,
416 1849 705 1898 Peltsanen
729 1849 890 1914 Lapp.
912 1850 1232 1898 Tornensis.

347 1967 1398 2026 POTAMOGETON.

91 2072 197 2114 Gen.
215 2072 362 2126 plant,
385 2071 452 2112 ed.
476 2069 652 2111 Sclzreb.
676 2086 722 2111 n.
747 2075 842 2124 234.
897 2071 1060 2112 Goertn.
1085 2071 1291 2127 defruct.
1307 2058 1418 2132 2.Vp.
1441 2087 1511 2129 23.
1534 2087 1565 2120 t.
1586 2082 1656 2129 84.

45 2170 127 2222 92.
165 2156 726 2207 POTAMOGETON
749 2167 989 2206 natans.-
1031 2158 1173 2208 foliis
1201 2161 1575 2225 superioribus
1605 2178 1700 2228 pe-

252 2227 449 2274 tiolatis
476 2227 720 2276 ellinticis
743 2226 1075 2275 natantibus.
1124 2246 1126 2248 ·

182 2295 241 2344 P.
266 2307 454 2343 natans
478 2291 647 2343 Lina.
676 2310 816 2342 spec.
842 2311 898 2342 n.
927 2302 1039 2357 145.
1103 2293 1260 2364 Zapp.
1290 2314 1346 2346 n.
1368 2294 1452 2356 68.
1497 2294 1701 2366 Zoega

322 2360 528 2412 island.
581 2388 651 2396 —-
712 2357 1195 2432 Landcfoeroens.
1249 2391 1343 2429 -—.
1379 2363 1532 2415 Flor.
1562 2363 1698 2416 dan.

318 2444 357 2481 t.
395 2442 542 2494 1025.
589 2427 811 2500 Liglch.
836 2443 974 2480 scot.
1005 2449 1058 2497 p.
1097 2446 1209 2481 121.
1256 2431 1430 2501 Engl.
1465 2432 1579 2485 boc.
1616 2434 1701 2484 26.

319 2512 357 2549 t.
385 2506 528 2559 1822.
605 2496 929 2567 Georgiifl.
958 2498 1165 2550 bailtal.
1193 2519 1245 2566 p.
1276 2516 1388 2565 199.

115 2568 254 2618 Hah.
289 2569 351 2618 in
384 2570 565 2617 fluviis
590 2569 819 2634 pacificis
843 2580 896 2617 et
922 2569 1145 2618 lacubus
1168 2571 1463 2635 Lapponiae
1496 2572 1700 2634 0sylva-

186 2639 304 2686 ticae
351 2639 554 2686 infimae
608 2638 810 2701 passim
855 2638 1093 2701 parcius:
1147 2654 1323 2704 usque
1369 2639 1435 2686 ad
1485 2640 1701 2701 Adem-

185 2705 305 2769 jaur
328 2708 489 2771 Lapp.
516 2705 766 2754 Lulensis
790 2705 994 2753 visum.

50 2798 134 2853 95.
178 2785 741 2836 POTAMOGETON
793 2782 1207 2856 perfoliczcum:
1271 2787 1418 2836 foliis
1474 2789 1702 2838 cordatis

255 2854 733 2923 amplexicaulibus
760 2855 1021 2904 omnibus
1043 2857 1336 2904 immersis.
1372 2853 1702 2908 Linn.sve0.

254 2941 313 2974 n.
366 2923 476 2987 146.
560 2923 793 2990 lappon.
841 2939 898 2972 11.
945 2923 1029 2983 69.
1110 2920 1262 2973 Flor.
1314 2919 1450 2975 dan.
1498 2937 1535 2975 t.
1589 2925 1701 2991 1⁴56.

253 2988 477 3061 Liglch.
504 3004 639 3040 scoc.
667 3009 719 3056 p.
750 3005 862 3040 121.
923 2988 1210 3041 Michaux
1232 3008 1409 3042 amer.
1438 3011 1480 3042 1.
1503 3011 1558 3061 p.
1587 3011 1703 3044 101.

258 3058 502 3128 Georgii
507 3057 582 3125 ss
607 3057 815 3109 baikal.
838 3076 891 3125 p.
921 3074 1033 3124 199.
1203 3076 1217 3084 “

117 3130 257 3179 Hab.
282 3132 341 3178 in
362 3130 541 3178 fluviis
569 3146 665 3194 per
680 3139 891 3194 partem
908 3129 1221 3193 sylvaticam
1242 3131 1449 3195 passim
1470 3132 1707 3195 copiose,

189 3210 254 3247 ut
274 3209 327 3248 et
349 3198 770 3262 subsylvaticam
790 3198 961 3246 rarius
986 3215 1064 3246 ex.
1090 3213 1166 3263 gr.
1191 3199 1251 3265 in
1277 3197 1474 3260 Idijoki
1496 3201 1705 3267 Lappo-
1776 3222 1779 3226 ,

189 3268 300 3318 niae
321 3266 723 3321 Enontekensis
748 3265 954 3317 lectum
972 3277 1034 3316 et
1050 3266 1318 3384 adgcum
1340 3268 1530 3318 Enare.

1209 3347 1243 3384 2
