2194 3893
674 245 719 301 P
728 247 1225 302 OLYANDRIA.
1668 272 1692 307 1
1704 269 1736 321 5
1747 269 1778 321 5

121 381 238 438 281.
276 375 766 429 RANUNCULUS
802 377 1065 429 Ficaria.-
1114 379 1257 430 foliis
1293 381 1520 434 cordatis
1556 386 1780 453 angula-

318 449 385 495 tis
413 449 704 512 petiolatis‚
722 449 871 497 caule
894 449 1147 497 unifloro.
1219 447 1392 501 Lina.
1417 469 1556 503 svec.
1581 472 1638 503 n.
1658 454 1778 518 496.

321 511 496 583 Engl.
513 514 627 566 boc.
652 529 740 580 9.t.
766 523 884 580 584.
957 514 1038 564 Fl.
1064 513 1200 566 dan.
1227 530 1274 580 5.
1304 530 1338 567 t.
1362 527 1480 585 499.
1553 518 1777 593 Ligltts.

322 596 461 632 scot.
506 603 556 650 p.
594 593 709 649 239.
803 581 1004 632 Landc
1018 579 1300 654 sceroens.
1346 613 1416 622 -
1460 586 1601 638 Fan<
1639 608 1777 643 mss.

324 663 551 720 copogr.
578 666 625 702 2.
651 671 702 718 p.
726 664 846 702 202.
918 649 1122 700 Pallas
1143 656 1202 701 ic.
1230 652 1382 703 sibir.
1407 668 1457 719 5.
1481 674 1533 722 p.
1558 669 1675 721 315.

184 715 321 769 Hah.
351 722 410 768 in
437 722 689 770 lateribus
713 723 1002 769 montium
1030 721 1494 786 inferalpinorum
1526 727 1780 776 meridiei

255 790 511 853 expositis
556 805 652 854 per
683 789 1077 836 Nordlandiarn
1111 791 1531 842 meridionalem
1559 811 1702 843 raro:
1753 812 1781 844 a

253 872 347 904 me
394 856 526 904 lecta
557 856 621 904 ad
653 856 1088 922 Middagshauen
1118 858 1409 925 Keringoae
1440 861 1782 912 Praefectura.-

250 923 530 972 Saltensis.

309 990 461 1054 Folia
497 991 739 1041 radicalia
764 994 963 1059 saepius
988 993 1351 1055 subrotunda‚
1390 997 1617 1062 peltata3
1657 1015 1781 1048 cau-

182 1056 298 1107 lina
331 1057 609 1125 sup'eriora
642 1062 1005 1127 multangula.
1093 1063 1274 1112 l’etala
1306 1065 1508 1130 paullo
1526 1069 1781 1132 pauciora

180 1136 234 1173 et
257 1127 501 1177 breviora
529 1146 695 1194 quam
719 1131 777 1178 in
811 1132 1030 1179 svecica.

106 1197 235 1252 982.
273 1195 759 1246 RANUNCULUS
784 1200 1143 1247 auricomus.-
1181 1199 1325 1250 foliis
1350 1201 1673 1252 radicalibus
1698 1219 1783 1253 re-

311 1264 648 1314 niformibus
698 1269 925 1316 crenatis
981 1269 1192 1326 incisis;
1270 1270 1501 1319 caulinis
1547 1272 1782 1338 digitatis

312 1333 634 1394 linearibus,
673 1335 823 1383 caule
845 1336 1168 1385 multifloro.
1216 1334 1388 1386 Lz'mz.
1413 1354 1552 1387 sveC.
1577 1357 1633 1388 n.
1660 1348 1780 1404 498.

321 1397 581 1451 Gmmer.
608 1419 762 1452 nort).
787 1420 844 1452 n.
867 1427 937 1439 --
966 1401 1047 1452 Fl.
1073 1401 1210 1453 dan.
1241 1413 1298 1468 4.
1323 1417 1360 1453 t.
1381 1405 1500 1469 665.
1591 1404 1778 1458 Gmel.

316 1467 417 1519 sib.
439 1479 488 1534 4.
512 1488 563 1536 p.
591 1484 711 1520 202.
735 1488 791 1520 n.
817 1479 901 1534 47.
977 1469 1306 1540 Georgiist.
1331 1472 1539 1522 bailcal.
1575 1492 1628 1541 p.
1662 1489 1781 1526 221.

319 1535 544 1609 Idfglzfsl
568 1539 706 1588 scot.
732 1557 787 1606 p.
808 1554 928 1604 290.
1000 1537 1173 1609 En-gl.
1200 1540 1312 1590 boc.
1339 1556 1390 1606 9.
1416 1553 1452 1590 t.
1474 1541 1592 1606 624.

183 1604 321 1656 Hab.
361 1609 420 1655 in
458 1609 621 1674 pratis
658 1610 872 1673 aquosis
911 1607 1265 1659 Nordlandiae
1294 1610 1641 1677 inferalpinae
1664 1629 1782 1661 ma-

249 1678 457 1725 ritimae
488 1679 719 1741 paesium
756 1688 818 1724 ut
851 1679 1019 1725 etiam
1053 1678 1117 1725 ad
1143 1678 1360 1741 Utsjoki
1394 1682 1670 1730 rarissime
1700 1683 1791 1729 vi·

251 1760 372 1802 sus3
412 1745 505 1793 sed
526 1747 585 1793 in
599 1747 890 1810 Lapponiae
907 1745 1163 1795 Umensis
1187 1748 1463 1811 sylvaticae
1486 1750 1653 1813 pratis
1677 1749 1783 1797 hu-

250 1813 583 1861 midioribus
611 1814 719 1862 fere
742 1813 946 1878 ubique
970 1814 1297 1879 frequenter.

114 1884 233 1944 983.
271 1880 754 1930 RANUNCULUS
786 1880 1087 1948 glacialis:
1148 1883 1289 1932 foliis
1320 1883 1651 1935 subter-natis
1691 1888 1786 1934 tri·

317 1950 885 2015 partito-multifidis,
926 1951 1076 2000 caule
1099 1951 1321 2012 bifloro,
1369 1954 1638 2018 calycibus
1671 1954 1784 2004 hir.
1837 1985 1839 1988 v

314 2019 448 2067 sutis
466 2052 481 2076 ‚
519 2018 828 2066 seminibus
854 2022 1172 2085 compressis
1197 2023 1536 2088 marginatis.

251 2084 317 2135 R.
367 2086 602 2151 glacialis
646 2083 818 2137 Linn.
852 2103 992 2137 svec,
1039 2105 1096 2136 n.
1147 2098 1268 2150 501.
1363 2089 1521 2158 [app.
1567 2107 1625 2140 n.
1666 2101 1785 2154 233.

391 2155 495 2202 tab.
520 2159 578 2217 ΞΔ
597 2154 636 2205 f.
669 2171 710 2202 1.
760 2153 1033 2204 Willden.
1056 2159 1203 2222 spec.
1230 2170 1278 2206 2.
1300 2175 1353 2224 p.
1384 2170 1533 2221 1520.
1582 2157 1786 2228 Zoega

386 2215 628 2272 island?
647 2248 715 2258 —
735 2219 887 2273 Flor.
915 2221 1050 2273 dan.
1091 2236 1125 2274 t.
1157 2239 1234 2288 ¹9·
1303 2223 1477 2283 Sacer
1508 2225 1712 2278 helva.
1741 2229 1781 2277 1.

386 2307 440 2356 p.
466 2296 582 2354 558.
653 2287 1189 2362 Landcfoeroens..¹³

187 2358 328 2410 Hah.
365 2360 756 2409 tantummodo
790 2362 851 2410 in
887 2361 1262 2412 cacuminibus
1301 2363 1583 2413 altioribus
1618 2366 1786 2413 totius

253 2428 429 2494 alpini
463 2427 606 2494 jugi,
655 2429 768 2476 scil.
802 2428 934 2478 locis
964 2431 1216 2479 humosis
1246 2433 1681 2493 succosioribus,
1728 2434 1789 2480 in

258 2496 491 2545 tumulis
525 2497 823 2562 glacierum
859 2514 904 2546 e.
931 2513 972 2546 s.
997 2514 1050 2562 p.
1077 2498 1186 2546 fere
1212 2501 1417 2565 ubique
1443 2495 1788 2565 frequeriter3

259 2565 354 2615 sed
395 2581 574 2629 neque
604 2566 663 2613 in
695 2565 906 2630 alpibus
938 2568 1232 2615 maritimis
1263 2584 1444 2633 neque
1465 2580 1610 2618 extra
1630 2585 1786 2617 sum-

260 2635 480 2684 mitates
519 2634 729 2698 alpium
772 2635 943 2682 visus.
981 2628 997 2634 ’
1025 2633 1168 2682 Infra
1199 2635 1344 2685 Kask
1365 2666 1388 2676 -
1415 2636 1535 2698 ajvo
1577 2638 1788 2703 Lappo-

257 2704 369 2751 niae
405 2701 678 2761 Lulensis,
722 2701 1056 2763 Tsatsekaise
1090 2703 1382 2768 Lapponiae
1414 2706 1712 2754 Tornensis
1737 2715 1792 2754 et

259 2770 570 2820 Rastekaise
592 2770 630 2818 F
632 2771 917 2818 inmarkiae
942 2771 1217 2819 orientalis
1240 2788 1530 2839 nunquam
1552 2774 1745 2838 reperi.

323 2839 458 2887 Haec
477 2839 675 2903 species
700 2854 941 2886 unacum
960 2838 1026 2887 R.
1049 2834 1378 2909 rucoefolz'o,
1420 2841 1663 2890 asiatico
1689 2853 1789 2890 etc.

193 2908 477 2975 propriam
509 2903 752 2955 efficiunt
785 2905 1028 2967 tribum,
1075 2908 1167 2971 qui
1199 2908 1404 2957 Trollio
1439 2911 1567 2959 satis
1614 2906 1814 2958 affinis>

197 2986 308 3036 est,
347 2985 401 3025 et
421 2991 449 3023 a
472 2974 827 3041 sequentibus
841 2974 1182 3031 Ranunculis
1199 2975 1362 3042 longe
1384 2976 1601 3026 recedit.
1673 2977 1792 3026 Hu-

194 3043 282 3108 jus
317 3045 529 3093 semina
568 3045 623 3091 in
659 3041 1041 3106 conceptaculo
1083 3043 1204 3092 laxo
1235 3060 1546 3110 compresso
1582 3047 1656 3094 ita
1678 3084 1680 3086 .
1702 3046 1792 3093 in-

194 3113 345 3173 clusa
369 3123 532 3172 sunt,
568 3122 632 3160 ut
652 3110 844 3159 dubito
873 3127 1105 3160 numne·
1125 3113 1311 3175 potius
1346 3113 1559 3179 capsula
1590 3113 1793 3162 morio—

198 3196 416 3246 sperma
439 3179 662 3230 dicenda
688 3180 792 3228 sit.
873 3177 1299 3245 Receptaculum
1330 3181 1650 3248 depressum
1681 3182 1799 3247 pla-

199 3248 527 3298 niusculum
571 3263 842 3313 magnum
888 3247 998 3301 fere
1039 3258 1104 3295 ut
1145 3249 1206 3297 in
1248 3249 1632 3301 Leontodonte
1680 3246 1796 3298 Ta·-

204 3332 465 3380 raxam,
518 3327 573 3368 et
607 3308 791 3380 calyce‘
809 3317 1129 3382 persistente
1159 3319 1602 3386 staminibusque
1632 3319 1798 3386 stipa-
