2194 3893
452 220 568 276 554
973 201 1566 256 CRYPTOGAMIA.

515 341 789 384 instructa.
825 331 1052 400 Capsula
1076 337 1167 383 vix
1192 351 1404 384 cernua.
1442 335 1755 384 Peristomii
1779 335 1963 388 dentes
1978 340 2087 405 api-

514 405 662 452 cibus
684 403 860 466 longis
887 403 1100 450 setaceis
1124 402 1252 450 vidi.
2096 462 2101 469 .

513 482 515 486 ·
648 471 779 518 Haec
803 481 854 517 et
878 486 1107 535 sequens
1132 471 1330 534 species
1354 486 1552 520 annuae
1579 472 1665 520 vel
1689 472 1913 520 biennes
1940 484 2088 532 sunt,

510 555 611 587 nec
633 540 743 585 nisi
769 538 937 586 semel
962 538 1270 586 fructiferae.
1342 539 1460 587 Seta
1501 541 1674 588 oritur
1708 556 1771 588 ex
1794 534 1942 604 apide
1967 557 2086 588 cau-

510 608 578 655 lis
612 608 730 655 sine
769 605 885 653 ullo
918 607 1228 670 perichaetio
1265 609 1512 671 propris),
1562 609 1710 672 apice
1757 617 1911 655 recta.
1995 607 2090 655 Ca-

510 675 680 738 lyptra
708 671 1045 733 brevissima,
1084 675 1175 722 vix
1197 675 1305 722 nisi
1329 675 1652 739 operculum
1667 685 1874 739 tegens,
1913 690 2092 738 aequa-

509 742 576 790 lis
605 752 657 791 et
677 741 790 790 basi
811 743 868 789 in
893 742 1075 806 plures
1098 742 1359 791 lacinulas
1384 742 1550 791 divisa
1576 753 1627 790 et
1651 758 1707 791 re
1729 758 1852 790 vera
1885 744 2088 790 mitrae-

509 810 702 859 formis
736 810 840 857 dici
860 821 1120 859 meretur.

639 874 968 925 Dic-*ranam
989 874 1418 927 osmundioides
1438 874 1608 944 Engl.
1634 875 1746 926 boc.
1773 883 1856 939 24.
1881 889 1919 926 t.
1947 874 2089 926 1662.

506 945 833 1011 preliferum
859 956 969 1006 est,
1007 947 1164 1011 quale
1185 962 1477 1012 nunquam
1499 946 1628 994 vidi.

438 1044 555 1109 586.
593 1046 937 1096 FISSIDENS
976 1041 1282 1095 viridalas:
1328 1048 1478 1095 caule
1511 1046 1842 1108 pinniforrni
1877 1047 2092 1111 simpli-

644 1116 863 1162 cissimo
898 1114 1196 1174 declinato,
1242 1113 1384 1162 foliis
1421 1114 1562 1161 infra
1593 1113 1846 1161 medium
1879 1113 2091 1179 duppli-

643 1183 768 1230 catis
796 1181 1044 1247 oblongis
1068 1183 1234 1230 acutis
1252 1215 1268 1241 ‚
1318 1182 1530 1246 capsula
1555 1181 1830 1229 terminali
1854 1193 2040 1229 erecta.

571 1250 876 1310 Dicranum
911 1249 1215 1297 viridulum
1261 1246 1473 1297 chzrcz
1519 1264 1687 1297 masc.
1731 1264 1870 1297 sveC.
1929 1266 1978 1314 p.
2012 1256 2096 1309 34.

709 1328 747 1364 t.
771 1330 818 1365 2.
845 1317 881 1364 f.
906 1327 954 1380 3.
1014 1315 1169 1365 Web.
1200 1329 1257 1365 ec
1278 1314 1452 1365 Molzr
1475 1328 1659 1384 crypt.
1684 1333 1736 1383 p.
1765 1314 1875 1364 161.
1923 1314 2093 1384 Engl.

709 1383 822 1433 boc.
867 1399 942 1448 19.
981 1396 1017 1432 t.
1050 1385 1192 1448 1568.
1221 1385 1364 1433 haud
1387 1386 1546 1433 bona.

574 1453 848 1501 Fissidens
872 1452 1121 1515 bryoides
1163 1450 1361 1501 Hedw.
1385 1454 1545 1520 stirp.
1574 1464 1755 1520 crypt.
1795 1464 1842 1515 5.
1881 1453 2027 1516 1:529.

504 1521 640 1570 Hab.
670 1523 729 1569 in
753 1522 928 1569 humo
966 1520 1240 1569 denudato
1264 1522 1312 1569 N
1320 1521 1615 1569 ordlandiae
1650 1523 1703 1569 in
1715 1521 1988 1584 feralpinae
2015 1520 2093 1568 ra-

571 1591 817 1646 rissime3
855 1605 956 1637 nec
984 1590 1095 1638 nisi
1116 1589 1178 1637 ad
1205 1590 1439 1636 fluvium
1467 1589 1662 1637 Laxelv
1687 1588 2094 1638 Serfoldensem

571 1657 906 1722 praefecturae
930 1656 1185 1706 Saltensis
1211 1668 1468 1722 repertus.

637 1725 886 1772 Unacum
922 1728 1172 1789 proxime
1218 1724 1646 1790 praecedentibus
1689 1724 1942 1772 aestivalis
1991 1735 2090 1784 est,

499 1808 692 1842 mense
730 1792 992 1856 septemb.
1032 1804 1298 1841 maturus.

638 1860 898 1908 Surculus
925 1860 1215 1925 oblonJrUS,
1252 1861 1452 1920 brevis,
1492 1858 1661 1924 duplo
1686 1859 1902 1908 brevior
1925 1876 2092 1923 quam

501 1939 608 1976 seta
636 1943 728 1975 sua
746 1961 761 1985 ‚
801 1942 908 1991 quo
930 1944 1021 1976 nie
1043 1927 1223 1989 judice
1246 1930 1440 1976 certius
1467 1928 1821 1992 distingvitur
1840 1927 1952 1975 haee
1975 1944 2091 1992 spe-

503 1998 625 2044 cies.
721 1995 866 2043 Folia
931 2011 1096 2059 pauca
1151 1996 1479 2059 plerumque
1536 2010 1759 2042 sursum
1816 2006 2095 2060 angustata

504 2079 829 2128 semperque
866 2074 1046 2121 acuta,
1092 2079 1261 2110 nervo
1308 2064 1462 2111 tenui
1499 2062 1770 2126 pellucido
1817 2073 1879 2109 ut
1926 2065 2095 2110 etiam.

500 2131 839 2197 :marginibus
873 2130 1265 2196 subpellucidis
1303 2132 1581 2178 instructa.
1654 2128 1884 2194 Capsula
1908 2133 2090 2178 omni-

501 2215 576 2246 no
615 2209 798 2247 erecta.

434 2307 549 2363 587.
587 2299 932 2349 FISSIDENS
967 2312 1201 2365 patens.-
1238 2299 1388 2348 caule
1423 2299 1673 2364 elongato
1697 2298 2092 2363 procumbente

637 2384 885 2427 ramoso,
940 2368 1082 2416 foliis
1121 2368 1371 2432 oblongis
1420 2368 1710 2415 attenuatis
1759 2367 2091 2430 patentibus,

638 2438 763 2483 setis
785 2436 1092 2484 lateralibus
1119 2437 1399 2495 flexuosis,
1438 2435 1664 2498 capsulis
1691 2435 1953 2483 ovalibus.

566 2501 779 2564 Bryum
801 2515 987 2569 patens
1024 2501 1218 2552 Dicks.
1237 2499 1383 2569 fase.
1424 2501 1478 2551 2.
1509 2519 1626 2568 pag.
1650 2501 1699 2550 6.
1739 2513 1774 2548 t.
1799 2510 1848 2563 4.
1887 2502 1922 2550 f.
1945 2510 1993 2561 8.

567 2572 874 2619 Dicranum
896 2583 1086 2636 patens
1124 2569 1307 2620 Smitlz
1348 2569 1474 2619 bric.
1524 2584 1572 2633 5.
1619 2588 1670 2635 p.
1701 2580 1842 2631 1215.
1915 2566 2086 2637 Engl.

707 2636 818 2686 boc.
860 2648 940 2698 28.
980 2651 1016 2686 t.
1047 2654 1193 2704 1990.
1219 2641 1378 2687 bona.

569 2706 1021 2755 Trichostomum
1045 2720 1231 2772 patens
1270 2702 1658 2773 Sclzwoegriclz.
1692 2721 1860 2753 muso.
1900 2704 2081 2771 suppl.

704 2791 756 2839 p.
789 2784 900 2836 151.
941 2786 975 2821 t.
1001 2786 1082 2836 57.
1133 2773 1390 2823 Sclzlsulzr
1417 2772 1669 2821 [leutsch.
1694 2771 1903 2821 laubm.
1946 2785 1978 2820 t.
2003 2782 2083 2835 31²4.

502 2842 638 2890 Hah.
669 2843 726 2889 in
753 2842 1009 2891 lateribus
1049 2845 1274 2908 rupium
1305 2846 1509 2907 passim
1543 2842 1770 2906 irrigatis
1795 2843 2087 2905 apricisque

569 2911 633 2957 ad
657 2911 818 2957 latera
841 2912 1126 2959 montium
1153 2911 1612 2975 inl-'eralpinorum
1637 2921 1685 2957 et
1700 2910 1760 2956 ad
1786 2909 1983 2956 radices
2011 2912 2084 2957 al-

567 2980 728 3043 pium
763 2978 1109 3026 Nordlandiae
1145 2981 1313 3026 rarius
1357 2981 1569 3043 copiose
1615 2994 1691 3025 ex.
1727 2993 1800 3041 gr.
1848 2976 1907 3023 acl
1945 2978 2082 3023 Mid-

570 3046 876 3110 dagshauen
901 3047 1237 3113 Kierringoae
1269 3058 1318 3094 et
1339 3048 1396 3094 in
1421 3046 1743 3095 Strbmslien
1762 3061 1928 3108 prope
1950 3044 2085 3091 Ror-

534 3114 701 3162 -stacL
770 3114 971 3161 Eadem
1007 3115 1118 3162 loca
1156 3126 1377 3179 occupat
1408 3131 1462 3163 ac
1501 3110 1949 3160 Triclzoscomum
1966 3109 2080 3181 scz-

567 3179 877 3235 scz'cztlare,
929 3183 1072 3245 quod
1098 3185 1258 3230 etiam
1287 3182 1469 3229 habitu
1503 3183 1748 3245 proxime
1773 3179 1947 3230 refert.

635 3249 870 3302 Vernalis
897 3261 1006 3311 est,
1042 3266 1234 3301 mense
1256 3249 1389 3313 Maii
1415 3259 1711 3299 maturans.
