2194 3893
422 235 538 288 174
897 211 1570 270 TETRADYNAMIA.

618 349 958 417 Explicacio
986 348 1196 396 iconis.-
1235 364 1277 395 a.
1301 346 1454 412 Scapi
1480 347 1740 397 fructiferi
1759 364 1875 415 pars
1904 368 2065 418 supe-

483 421 599 470 rior
627 437 756 468 cum
794 417 1019 466 siliculis
1054 417 1283 465 maturis
1308 432 1493 481 magn.
1529 428 1640 464 nat.
1676 442 1745 480 ἡ
1789 418 1841 466 b.
1865 417 2066 469 folium

481 505 665 553 magn.
693 497 802 535 nat.

619 553 728 604 Dr.
757 549 1010 602 aizoides
1031 553 1241 617 alpium
1265 553 1498 617 Europae
1523 553 1853 601 australioris
1891 552 2066 602 differt

481 640 599 673 non
633 634 851 672 tantum
883 622 1026 670 foliis
1065 621 1481 679 diversissimis,
1526 627 1723 672 verum
1753 623 1919 669 etiam
1954 623 2067 669 sili-

483 692 618 740 culis
669 691 921 755 oblongis
971 690 1108 753 stylo
1147 689 1399 753 elongato
1437 688 1789 738 latitudinem
1837 689 2065 753 capsulae

482 771 734 824 aequante
756 759 1020 816 rostratis,
1059 756 1333 819 simulque
1360 755 1580 814 ciliatis,
1620 773 1727 820 quo
1755 767 1939 805 contra
1973 772 2067 820 pe.

485 828 666 876 clicelli
691 827 1032 893 glaberrimi‚
1078 825 1290 888 capsula
1313 839 1408 871 sua
1430 823 1714 873 multoties
1740 825 2033 889 longiores.

412 906 532 958 517.
579 895 833 944 DRABA
884 889 1274 941 androsacea:
1323 907 1477 955 scapo
1523 891 1675 940 nudo
1721 892 2067 958 glaberrimo‚

621 963 841 1011 siliculis
888 960 1241 1009 subovalibus
1282 959 1669 1024 pedicellisque
1711 960 2070 1025 glaberrimis,

620 1031 764 1079 foliis
786 1029 1092 1077 lanceolatis
1119 1028 1485 1090 integerrimis
1516 1027 1903 1091 pilosiusculis.
1932 1023 1937 1026 ’

548 1100 645 1146 Dr.
670 1097 988 1145 androsaces
1014 1092 1292 1145 Wwden.
1316 1110 1462 1158 spec.
1493 1106 1539 1154 5.
1564 1102 1749 1160 11428.

549 1167 644 1215 Dr.
681 1165 1025 1212 fladnizenfis
1069 1158 1334 1230 VVulfen.
1370 1164 1431 1210 z'zz
1463 1159 1660 1229 Jacqu.
1696 1163 2066 1212 misaamcr.

691 1250 733 1280 1.
759 1249 810 1297 p.
843 1238 952 1293 147.
982 1242 1015 1297 t.
1050 1242 1124 1291 17.
1156 1229 1188 1277 f.
1222 1249 1262 1278 1.

547 1299 689 1349 Icon
713 1301 817 1348 tab.
849 1309 1018 1354 nostr.
1051 1298 1132 1346 XI.
1158 1298 1241 1364 fig.
1268 1307 1317 1360 5.

483 1369 622 1419 Hab.
661 1369 725 1417 ad
763 1383 924 1432 rupes
963 1368 1317 1415 succossiores
1354 1383 1449 1431 per
1484 1367 1649 1416 latera
1685 1366 1898 1431 alpium
1945 1377 2069 1415 tum

550 1435 1068 1503 septentrionalium
1095 1451 1151 1482 ac
1171 1434 1624 1483 meridionalium
1640 1436 1932 1499 Lapponiae
1950 1450 2069 1499 pas-

549 1507 691 1561 sim;
730 1506 981 1568 primum
1018 1518 1140 1550 eam
1175 1502 1281 1566 legi
1310 1501 1622 1567 frequenter
1666 1504 1724 1550 in
1773 1503 1890 1567 alpe
1925 1504 2071 1567 Lyn.

549 1572 779 1639 gentind
816 1570 1171 1618 Nordlandiae
1207 1571 1681 1633 septentrionalis,
1730 1570 1856 1618 dein
1890 1570 1951 1617 ad
1985 1570 2070 1617 Vi-

548 1641 751 1700 rihiaur
777 1641 836 1686 in
856 1636 1214 1700 Kobrinojvi,
1250 1637 1374 1685 Jolli
1396 1648 1492 1686 etc.
1520 1638 2069 1701 alpiumLulensium

548 1710 879 1773 frequenter.

619 1779 772 1824 Hanc
806 1775 902 1822 diu
942 1789 1038 1839 pro
1074 1769 1184 1820 Dr.
1226 1769 1427 1837 alpina
1462 1770 1633 1821 Limz.
1673 1772 1868 1832 habui,
1915 1772 2070 1823 flores

483 1847 545 1895 in
569 1846 773 1894 recenti
797 1853 939 1891 statu
962 1841 1108 1889 albos
1145 1854 1260 1887 non
1297 1842 1422 1887 satis
1455 1839 1928 1900 animadvertens,
1973 1858 2068 1889 an-

480 1926 705 1978 tequam
727 1927 912 1960 veram
941 1906 1049 1956 Dr.
1080 1907 1339 1974 alpinam
1364 1908 1485 1974 legi.
1560 1908 1787 1957 Habitus
1821 1920 1873 1957 et
1894 1909 2070 1958 Forma

482 1982 713 2030 siliculae
751 1980 860 2027 fere
894 1974 963 2025 ut‘
988 1979 1048 2024 in
1083 1973 1194 2024 Dr.
1230 1974 1459 2042 alpina,
1499 1976 1592 2024 sed
1631 1977 1695 2025 de
1729 1988 1918 2025 caetero
1955 1973 2067 2026 Dr.

490 2048 661 2098 hirtae
698 2050 876 2096 forsan
903 2042 1114 2093 affinior
1136 2055 1231 2093 est.
1303 2044 1389 2092 Ab
1415 2044 1676 2093 omnibus
1713 2046 1837 2093 satis
1866 2045 2071 2094 diversa

480 2119 725 2166 videtur:
765 2116 928 2179 scapis
955 2116 1069 2161 sive
1092 2112 1255 2160 nudis
1283 2114 1395 2160 sive
1421 2113 1702 2160 interdum
1725 2113 1915 2160 soliolo
1951 2113 2067 2160 lan-

486 2187 690 2235 ceolato
714 2183 1069 2246 integerrimo
1092 2180 1362 2246 praeditis,
1402 2183 1615 2243 semper
1649 2182 1774 2228 totis
1814 2181 2069 2245 glaberri-

479 2257 623 2313 miS,
670 2252 1009 2318 pauciflori83
1066 2248 1336 2314 pediceliis
1375 2248 1586 2296 silicula
1623 2264 1763 2314 saepe
1803 2249 2067 2313 longiori-

480 2323 617 2380 bus,
674 2320 1037 2387 glaberrimis3
1099 2316 1325 2365 siliculis
1376 2316 1756 2374 subovalibus,
1817 2319 2069 2381 stigmate

482 2391 593 2439 fere
650 2389 851 2443 sessili3
903 2386 1121 2432 floribus
1168 2384 1332 2442 albis,
1382 2384 1476 2432 secl
1522 2387 1582 2433 in
1628 2385 1772 2449 male
1820 2386 2071 2435 exsiccata

481 2459 666 2524 planta
700 2456 899 2504 eximie
923 2453 1351 2501 flavescentibus.
1974 2490 1986 2492 -

620 2522 961 2589 Explicatis)
990 2521 1198 2567 iconis:
1238 2536 1279 2566 a.
1316 2519 1498 2584 planta
1532 2529 1642 2566 tota
1676 2518 1966 2568 fructii'era.
2003 2544 2069 2555 -

483 2593 535 2641 b.
570 2591 827 2657 particula
864 2591 1003 2653 scapi
1041 2605 1168 2635 cum
1222 2587 1409 2635 foliolo
1444 2588 1659 2647 lineari,
1710 2589 1869 2651 quala
1899 2589 2067 2636 inter-

482 2663 618 2709 dum
646 2662 704 2707 in
729 2657 912 2706 medio
941 2672 1094 2720 scapo
1123 2657 1370 2703 occurrit.

414 2735 530 2793 5¹8·
569 2722 1165 2777 DRABAmurz'cella:
1205 2739 1357 2786 scapo
1383 2722 1557 2782 nudo,
1581 2721 1854 2787 pedicellis
1878 2721 2065 2769 stellu-

622 2797 727 2844 lato
743 2792 1206 2859 ·pubescentibus
1243 2791 1451 2838 silicula
1474 2791 1769 2838 lanceolata
1791 2791 2064 2837 acumina-

619 2879 670 2912 ta
727 2861 1102 2922 brevioribus,
1170 2859 1315 2907 foliis
1367 2859 1647 2923 lingulatis
1705 2854 2063 2921 integerrimis

621 2931 890 2980 stellulato
907 2957 927 2969 -
944 2927 1371 2992 pubescentibus
1400 2927 1641 2989 incanis.

550 3003 643 3049 Dr.
671 2999 866 3047 nivalis
889 2994 1115 3060 Lz'ljehl.
1142 3011 1265 3044 nov.
1288 3005 1399 3042 acc.
1427 3009 1544 3059 ups.
1569 2992 1617 3041 6.
1643 3010 1692 3057 p.
1717 2999 1798 3053 47.
1828 3001 1864 3038 t.
1889 3003 1940 3039 2.
1961 2991 2060 3041 ΕΩ.

550 3071 644 3117 Dr.
674 3069 808 3114 hirta
836 3063 919 3113 fl.
946 3062 1080 3112 dan.
1115 3080 1155 3110 1.
1183 3073 1218 3110 t.
1253 3070 1363 3124 142.

551 3135 695 3183 Icon
718 3134 821 3182 tab.
845 3144 1014 3180 nostr.
1038 3132 1122 3178 XI.
1149 3131 1229 3195 fig.
1258 3140 1305 3177 2.

397 3253 401 3257 ,
480 3205 620 3263 Hah.
656 3206 715 3250 in
748 3200 1077 3267 jugissiccis
1111 3197 1366 3263 lapidosis
1401 3194 1790 3246 humilioribus
1823 3204 1945 3241 tum
1979 3195 2061 3260 ip.

551 3275 661 3321 sius
683 3271 798 3334 jugi
823 3269 990 3333 alpini
1012 3283 1070 3315 ac
1087 3267 1375 3321 montium
1388 3261 2061 3326 subalpinorumadjacen-
