2194 3893
455 273 570 325 572
967 247 1570 304 CRYPTOGAMIA.

522 383 661 436 Hah:
684 386 744 433 in
767 384 931 450 lignis
957 382 1288 448 putraefactis
1316 382 1552 446 locisque
1588 381 1900 431 siccioribus
1933 382 2114 432 occul-

593 456 662 502 tis
698 455 988 518 Lapponiae
1025 451 1404 513 subsylvaticae
1437 453 1633 507 rarius;
1688 452 1901 514 copiose
1921 450 2025 517 legi
2053 449 2118 497 ad

593 522 942 570 Kaunavaara
986 520 1246 584 paroeciae
1281 519 1584 567 Enontekis
1620 528 1673 566 et
1710 519 1769 564 in
1818 517 2116 584 Hopseidet

593 590 934 638 Finmarkiae.

669 657 753 705 Ob
787 656 1082 704 reticulum
1117 654 1373 720 grandius
1412 664 1461 701 et
1500 652 1739 700 dilutiori
1762 668 1915 701 succo
1945 653 2115 718 reple-

528 738 653 774 tum
685 725 809 773 folia
839 723 1004 786 hujus
1026 734 1156 771 sunt
1187 723 1469 770 albicantia
1496 722 1585 768 vel
1610 722 2116 786 argenteo-nitida}

484 807 486 809 ·
530 795 763 842 omnino
799 793 1019 851 obtusa,
1069 806 1404 855 quamquam
1446 805 1578 854 apex
1619 790 1900 836 interdum
1952 791 2114 837 exsic-
2190 815 2194 817 -

529 861 699 910 cando
739 862 1139 925 constringitur·
1224 859 1435 906 Nervus
1475 859 1534 904 in
1577 856 1686 903 basi
1726 856 1991 904 foliorum
2025 856 2117 904 ad-

528 940 608 978 est
632 929 886 987 evidens,
948 930 1009 975 ad
1047 925 1397 975 medietatem
1440 925 1559 972 folii
1597 923 1740 972 haud
1783 925 2114 988 pertingens.

526 996 744 1046 Surculi
768 997 955 1044 breves
983 1011 1198 1058 semper
1223 993 1609 1041 decumbentes
1628 1028 1641 1051 ,
1678 992 2116 1050 sublanceolatae‚

521 1063 654 1114 cetis
676 1075 739 1117 ut
762 1064 1074 1129 plurimum
1099 1062 1262 1123 triplo
1293 1060 1583 1124 breviores.
1666 1058 1914 1124 Capsulae
1953 1062 2116 1109 etiam

523 1131 775 1197 pallidae,
836 1129 1041 1195 dupplo
1085 1128 1318 1193 triplove
1361 1127 1638 1192 longiores
1685 1143 1852 1192 quam
1887 1129 1945 1175 in
1978 1141 2116 1193 prae-

526 1199 767 1248 cedente.

453 1264 575 1330 664.
615 1265 924 1318 HYPNUNI
950 1260 1330 1313 undulatam.-
1369 1263 1598 1310 surculis
1624 1262 1944 1310 fasciculatis
1980 1262 2115 1310 sim-

661 1334 897 1400 plicibus
932 1334 1137 1397 planis‚
1190 1331 1330 1379 foliis
1374 1333 1544 1378 ovatis
1585 1332 1904 1378 acuminatis
1929 1329 2112 1378 undu-

658 1400 780 1452 latis
808 1400 1203 1450 subenervibus
1230 1399 1450 1462 oblique
1483 1399 1813 1464 cmnplicatis
1830 1433 1846 1458 ,
1882 1398 2109 1462 capsulis

663 1472 896 1520 cernuis.
1124 1508 1128 1511 ,

592 1539 664 1592 Η.
687 1538 1025 1588 undulatum
1045 1532 1214 1583 Lina.
1238 1550 1387 1601 spec.
1401 1533 1591 1599 plant.
1617 1548 1674 1599 p.·
1698 1541 1841 1598 1589.
1914 1530 2110 1594 Hedw.

730 1603 879 1673 spec.
917 1620 1088 1652 mle-sc.
1125 1620 1176 1667 p.
1213 1611 1328 1663 242.
1435 1600 1586 1651 Web.
1628 1614 1685 1650 ec
1719 1599 1894 1649 Molzr
1929 1613 2110 1670 crypt.

727 1692 782 1740 p.
804 1677 922 1736 5338.
998 1669 1170 1739 Engl.
1202 1669 1313 1717 2206.
1349 1684 1422 1731 17.
1451 1682 1487 1717 t.
1514 1675 1658 1727 1¹8¹·
1687 1671 1845 1718 bona.

591 1742 658 1792 H.
701 1753 1010 1808 pennatum
1049 1739 1384 1799 undulatum
1422 1735 1642 1788 Dillen.
1689 1753 1862 1786 masc.
1902 1755 1954 1803 p.
1989 1752 2105 1800 271.

730 1821 766 1858 t.
805 1807 888 1873 56.
933 1808 965 1855 f.
1010 1824 1085 1855 ιι.
1208 1868 1214 1874 ⁶

521 1878 659 1928 Hab.
695 1880 754 1926 in
786 1877 1042 1925 lateribus
1076 1891 1332 1922 saxorum
1365 1875 1640 1922 umbrosis
1669 1875 1906 1940 „irrigatis
1950 1890 2109 1938 supra

593 1958 824 1995 tenuem
851 1955 1048 1991 terram
1076 1943 1428 2005 Nordlandiae
1452 1943 1793 2006 inferalpinae
1818 1944 2109 2000 rarissime,

591 2025 644 2062 at
680 2013 743 2060 ad
787 2023 1042 2059 montem
1094 2010 1348 2074 aipinum
1401 2007 1804 2071 Stranda'fjillet
1849 2012 2109 2075 paroeciae

588 2083 873 2145 Keringoae
903 2081 1132 2142 copiose.
1739 2131 1741 2133 Ι
1778 2114 1782 2118 ,

696 2145 1134 2196 Praecedentibus
1161 2161 1338 2192 revera
1362 2145 1516 2193 valde
1530 2141 1702 2194 affine.
1775 2145 1974 2194 Modus
2002 2163 2119 2210 cre--⁸

523 2217 709 2267 scendi
733 2216 909 2264 isdem
936 2215 1043 2261 scil.
1085 2230 1108 2259 a
1135 2214 1351 2261 caudice
1375 2215 1665 2260 communi
1702 2212 1809 2262 Fere
1841 2216 2106 2261 subterra·
2171 2266 2174 2267 ⁷

521 2302 628 2335 neo
654 2284 1009 2350 egrediuntur
1031 2282 1214 2344 plures
1238 2281 1441 2328 surculi
1466 2281 1758 2339 divaricati,
1781 2282 2106 2329 subdecum-

523 2355 713 2402 bentes
733 2386 748 2411 ‚
788 2351 1089 2414 simplices3
1127 2349 1404 2412 simulque
1430 2365 1493 2396 ex
1517 2348 1705 2396 eadem
1734 2350 1841 2396 basi
1868 2360 1974 2397 seta
1997 2366 2108 2397 una

526 2423 774 2470 alterave.
847 2419 991 2466 Folia
1024 2433 1240 2480 quoque
1267 2419 1458 2463 eodem
1486 2416 1651 2463 modo
1688 2417 2107 2482 subconiplicata

525 2489 619 2538 sed
642 2487 837 2549 majori
863 2486 1051 2548 gradu,
1079 2496 1141 2531 ut
1161 2485 1317 2532 Iobus
1348 2484 1630 2548 replicatus
1653 2485 1791 2531 ultra
1820 2484 2108 2532 dimidiam

523 2567 734 2622 partem
762 2555 959 2617 reliqui
987 2552 1104 2599 solii
1127 2554 1272 2616 tegit.
1345 2553 1426 2599 De
1454 2564 1642 2600 caetero
1665 2552 1931 2599 foliorum
1961 2568 2104 2598 mar-

525 2628 674 2690 gines
723 2622 790 2670 ob
837 2622 1064 2672 dorsum
1096 2621 1446 2667 incurvatum
1478 2620 1755 2668 undulatae
1795 2623 1962 2679 fiunt,
2007 2636 2107 2668 nec

526 2693 704 2740 discus
733 2689 994 2736 foliorum
1020 2688 1258 2734 bullatus
1285 2698 1345 2733 ut
1375 2689 1433 2735 in
1459 2688 1727 2735 Neckeris.

660 2759 983 2805 Varietatem
1015 2755 1218 2818 dupplo
1254 2753 1522 2815 majorem
1543 2757 1601 2802 in
1634 2771 1774 2820 aqua·
1802 2754 1863 2801 ad
1887 2754 2107 2801 Strand-

524 2820 730 2889 afjallet
747 2826 852 2890 legi
874 2820 950 2870 H.
977 2821 1193 2869 lucenti
1226 2824 1494 2880 similem,
1525 2824 1614 2872 sed
1638 2806 1789 2885 cujiis
1817 2823 2105 2870 reticulum

526 2896 789 2943 foliorum
812 2892 952 2939 haud
974 2889 1151 2951 majus
1178 2907 1344 2953 quam
1371 2889 1529 2940 inH.
1557 2889 1838 2938 obcusczco.

455 2962 573 3027 665.
611 2960 917 3025 HYPNUNI
939 2974 1180 3022 purum:
1219 2960 1382 3005 ramis
1405 2961 1633 3023 pinnato
1658 2988 1680 2998 -
1705 2958 1896 3022 sparsis
1923 2960 2104 3006 tereti·
2164 3003 2167 3005 .

658 3031 795 3086 bus,
834 3027 980 3073 foliis
1012 3026 1366 3073 subrotundis
1383 3025 2102 3091 apiculatisimbricatissub-

659 3095 968 3144 e'nervibus.
1018 3090 1181 3142 IVeb.
1211 3090 1452 3141 ecflffolzr
1472 3096 1507 3141 1.
1536 3111 1576 3142 c.
1614 3110 1664 3157 p.
1691 3091 1806 3153 516.

590 3166 659 3214 H.
696 3179 904 3229 purum
935 3159 1107 3209 Lz'nn.
1143 3177 1280 3208 suec.
1320 3178 1376 3208 n.
1407 3173 1552 3223 ¹05¹·
1624 3160 1855 3226 lappon.
1884 3178 1940 3209 n.
1978 3173 2099 3222 410.

726 3227 925 3278 Hedw.
951 3246 1096 3281 spec,
1121 3244 1293 3276 muse.
1322 3245 1372 3292 p.
1400 3238 1514 3290 25‘5.
1542 3239 1576 3274 t.
1599 3228 1681 3275 66.
1776 3225 1948 3296 Eugl-
1984 3227 2095 3279 boc,

721 3309 807 3362 25.
845 3309 882 3346 t.
925 3310 1068 3361 ιὼς).
1105 3292 1356 3382 'Dillem
1388 3312 1440 3362 p.
1462 3306 1579 3360 509.
1620 3307 1655 3345 t.
1678 3303 1764 3362 40.
1802 3297 1839 3346 f.
1866 3304 1949 3361 45.
