<?xml version="1.0" encoding="UTF-8"?>
<!DOCTYPE html PUBLIC "-//W3C//DTD XHTML 1.0 Transitional//EN"
    "http://www.w3.org/TR/xhtml1/DTD/xhtml1-transitional.dtd">
<html xmlns="http://www.w3.org/1999/xhtml" xml:lang="en" lang="en">
 <head>
  <title>
</title>
<meta http-equiv="Content-Type" content="text/html;charset=utf-8" />
  <meta name='ocr-system' content='tesseract 3.04.00' />
  <meta name='ocr-capabilities' content='ocr_page ocr_carea ocr_par ocr_line ocrx_word'/>
</head>
<body>
  <div class='ocr_page' id='page_1' title='image "./floralapponicaex00wahl_0202.png"; bbox 0 0 2194 3893; ppageno 0'>
   <div class='ocr_carea' id='block_1_1' title="bbox 342 207 1419 265">
    <p class='ocr_par' dir='ltr' id='par_1_1' title="bbox 342 207 1419 265">
     <span class='ocr_line' id='line_1_1' title="bbox 342 207 1419 265; baseline -0.004 0"><span class='ocrx_word' id='word_1_1' title='bbox 342 230 368 265; x_wconf 79' lang='grc' dir='ltr'>ι</span> <span class='ocrx_word' id='word_1_2' title='bbox 382 213 455 265; x_wconf 74' lang='lat'><strong>26</strong></span> <span class='ocrx_word' id='word_1_3' title='bbox 922 207 1419 263; x_wconf 86' lang='lat' dir='ltr'><strong>DECANDRIA.</strong></span> 
     </span>
    </p>
   </div>
   <div class='ocr_carea' id='block_1_2' title="bbox 345 338 2082 3342">
    <p class='ocr_par' dir='ltr' id='par_1_2' title="bbox 404 338 2008 938">
     <span class='ocr_line' id='line_1_2' title="bbox 472 338 1999 406; baseline -0.001 -14"><span class='ocrx_word' id='word_1_4' title='bbox 472 338 899 392; x_wconf 63' lang='lat' dir='ltr'><strong>St.“nemorum</strong></span> <span class='ocrx_word' id='word_1_5' title='bbox 941 339 1111 390; x_wconf 72' lang='lat' dir='ltr'><strong>Linn.</strong></span> <span class='ocrx_word' id='word_1_6' title='bbox 1151 357 1290 390; x_wconf 58' lang='lat' dir='ltr'><strong>spec,</strong></span> <span class='ocrx_word' id='word_1_7' title='bbox 1330 357 1388 390; x_wconf 89' lang='lat' dir='ltr'><strong>n.</strong></span> <span class='ocrx_word' id='word_1_8' title='bbox 1438 351 1556 406; x_wconf 74' lang='lat'>391.</span> <span class='ocrx_word' id='word_1_9' title='bbox 1644 339 1830 391; x_wconf 76' lang='lat' dir='ltr'><strong>Smiclz</strong></span> <span class='ocrx_word' id='word_1_10' title='bbox 1872 341 1999 393; x_wconf 78' lang='lat' dir='ltr'><strong>bric.</strong></span> 
     </span>
     <span class='ocr_line' id='line_1_3' title="bbox 607 405 2004 477; baseline 0.002 -19"><span class='ocrx_word' id='word_1_11' title='bbox 607 423 658 458; x_wconf 71' lang='lat'><strong>9.</strong></span> <span class='ocrx_word' id='word_1_12' title='bbox 694 428 747 477; x_wconf 88' lang='lat' dir='ltr'><strong>p.</strong></span> <span class='ocrx_word' id='word_1_13' title='bbox 781 419 898 474; x_wconf 69' lang='lat'><strong>475.</strong></span> <span class='ocrx_word' id='word_1_14' title='bbox 981 408 1064 459; x_wconf 81' lang='lat' dir='ltr'><strong>Fl.</strong></span> <span class='ocrx_word' id='word_1_15' title='bbox 1105 405 1240 465; x_wconf 77' lang='lat' dir='ltr'><strong>dan.</strong></span> <span class='ocrx_word' id='word_1_16' title='bbox 1275 422 1324 457; x_wconf 78' lang='lat'><strong>2.</strong></span> <span class='ocrx_word' id='word_1_17' title='bbox 1351 420 1389 457; x_wconf 88' lang='lat' dir='ltr'><strong>t.</strong></span> <span class='ocrx_word' id='word_1_18' title='bbox 1419 422 1536 471; x_wconf 74' lang='lat'><strong>27¹·</strong></span> <span class='ocrx_word' id='word_1_19' title='bbox 1609 406 1810 461; x_wconf 83' lang='lat' dir='ltr'><strong>Pallas</strong></span> <span class='ocrx_word' id='word_1_20' title='bbox 1835 411 1899 460; x_wconf 84' lang='lat' dir='ltr'><strong>ic.</strong></span> <span class='ocrx_word' id='word_1_21' title='bbox 1925 413 2004 461; x_wconf 83' lang='lat' dir='ltr'><strong>si·-</strong></span> 
     </span>
     <span class='ocr_line' id='line_1_4' title="bbox 611 473 1661 546; baseline 0 -20"><span class='ocrx_word' id='word_1_22' title='bbox 611 477 716 528; x_wconf 73' lang='lat' dir='ltr'><strong>Zn&#39;r.</strong></span> <span class='ocrx_word' id='word_1_23' title='bbox 742 491 790 541; x_wconf 76' lang='lat'><strong>5.</strong></span> <span class='ocrx_word' id='word_1_24' title='bbox 818 497 871 545; x_wconf 80' lang='lat' dir='ltr'><strong>p.</strong></span> <span class='ocrx_word' id='word_1_25' title='bbox 897 485 983 541; x_wconf 69' lang='lat'><strong>34.</strong></span> <span class='ocrx_word' id='word_1_26' title='bbox 1052 473 1276 546; x_wconf 74' lang='lat' dir='ltr'><strong>Liglch.</strong></span> <span class='ocrx_word' id='word_1_27' title='bbox 1300 488 1438 526; x_wconf 73' lang='lat' dir='ltr'><strong>scot.</strong></span> <span class='ocrx_word' id='word_1_28' title='bbox 1466 495 1517 543; x_wconf 89' lang='lat' dir='ltr'><strong>p.</strong></span> <span class='ocrx_word' id='word_1_29' title='bbox 1544 483 1661 536; x_wconf 67' lang='lat'><strong>228.</strong></span> 
     </span>
     <span class='ocr_line' id='line_1_5' title="bbox 473 538 2003 611; baseline -0.003 -15"><span class='ocrx_word' id='word_1_30' title='bbox 473 546 667 596; x_wconf 86' lang='lat' dir='ltr'><strong>Alsine</strong></span> <span class='ocrx_word' id='word_1_31' title='bbox 695 548 839 596; x_wconf 78' lang='lat' dir='ltr'><strong>foliis</strong></span> <span class='ocrx_word' id='word_1_32' title='bbox 863 538 1300 596; x_wconf 71' lang='lat' dir='ltr'><strong>ovato-cordaiis.</strong></span> <span class='ocrx_word' id='word_1_33' title='bbox 1372 542 1543 594; x_wconf 74' lang='lat' dir='ltr'><strong>Lz&#39;nn.</strong></span> <span class='ocrx_word' id='word_1_34' title='bbox 1568 544 1723 611; x_wconf 78' lang='lat' dir='ltr'><strong>lapp.</strong></span> <span class='ocrx_word' id='word_1_35' title='bbox 1740 564 1801 595; x_wconf 85' lang='lat' dir='ltr'><strong>n.</strong></span> <span class='ocrx_word' id='word_1_36' title='bbox 1820 546 1932 609; x_wconf 69' lang='lat'><strong>136.</strong></span> <span class='ocrx_word' id='word_1_37' title='bbox 1956 555 2003 601; x_wconf 80' lang='grc' dir='ltr'><strong>β.</strong></span> 
     </span>
     <span class='ocr_line' id='line_1_6' title="bbox 404 614 2008 682; baseline -0.001 -17"><span class='ocrx_word' id='word_1_38' title='bbox 404 614 542 665; x_wconf 82' lang='lat' dir='ltr'><strong>Hab.</strong></span> <span class='ocrx_word' id='word_1_39' title='bbox 568 618 626 663; x_wconf 88' lang='lat' dir='ltr'><strong>in</strong></span> <span class='ocrx_word' id='word_1_40' title='bbox 660 616 804 664; x_wconf 76' lang='lat' dir='ltr'><strong>lucis</strong></span> <span class='ocrx_word' id='word_1_41' title='bbox 836 617 1162 682; x_wconf 84' lang='lat' dir='ltr'><strong>graminosis</strong></span> <span class='ocrx_word' id='word_1_42' title='bbox 1207 614 1650 672; x_wconf 72' lang='lat' dir='ltr'><strong>humidioribus,</strong></span> <span class='ocrx_word' id='word_1_43' title='bbox 1698 614 1762 661; x_wconf 86' lang='lat' dir='ltr'><strong>ad</strong></span> <span class='ocrx_word' id='word_1_44' title='bbox 1799 616 2008 664; x_wconf 81' lang='lat' dir='ltr'><strong>rivulos</strong></span> 
     </span>
     <span class='ocr_line' id='line_1_7' title="bbox 474 681 2008 750; baseline -0.001 -17"><span class='ocrx_word' id='word_1_45' title='bbox 474 695 574 733; x_wconf 86' lang='lat' dir='ltr'><strong>etc.</strong></span> <span class='ocrx_word' id='word_1_46' title='bbox 598 685 698 733; x_wconf 89' lang='lat' dir='ltr'><strong>sub</strong></span> <span class='ocrx_word' id='word_1_47' title='bbox 723 686 854 749; x_wconf 82' lang='lat' dir='ltr'><strong>ipsis</strong></span> <span class='ocrx_word' id='word_1_48' title='bbox 879 685 1089 750; x_wconf 83' lang='lat' dir='ltr'><strong>alpium</strong></span> <span class='ocrx_word' id='word_1_49' title='bbox 1112 682 1381 731; x_wconf 82' lang='lat' dir='ltr'><strong>radicibus</strong></span> <span class='ocrx_word' id='word_1_50' title='bbox 1405 693 1458 730; x_wconf 83' lang='lat' dir='ltr'><strong>et</strong></span> <span class='ocrx_word' id='word_1_51' title='bbox 1482 683 1539 729; x_wconf 90' lang='lat' dir='ltr'><strong>in</strong></span> <span class='ocrx_word' id='word_1_52' title='bbox 1558 681 1898 748; x_wconf 70' lang='lat' dir='ltr'><strong>inseralpinis</strong></span> <span class='ocrx_word' id='word_1_53' title='bbox 1912 700 2008 747; x_wconf 86' lang='lat' dir='ltr'><strong>per</strong></span> 
     </span>
     <span class='ocr_line' id='line_1_8' title="bbox 473 749 2007 816; baseline -0.001 -15"><span class='ocrx_word' id='word_1_54' title='bbox 473 752 871 801; x_wconf 83' lang='lat' dir='ltr'><strong>Nordlandiam</strong></span> <span class='ocrx_word' id='word_1_55' title='bbox 915 764 1090 800; x_wconf 80' lang='lat' dir='ltr'><strong>totam</strong></span> <span class='ocrx_word' id='word_1_56' title='bbox 1131 752 1338 816; x_wconf 80' lang='lat' dir='ltr'><strong>ubique</strong></span> <span class='ocrx_word' id='word_1_57' title='bbox 1381 749 1723 814; x_wconf 76' lang='lat' dir='ltr'><strong>Frequenter,</strong></span> <span class='ocrx_word' id='word_1_58' title='bbox 1792 762 1845 800; x_wconf 89' lang='lat' dir='ltr'><strong>et</strong></span> <span class='ocrx_word' id='word_1_59' title='bbox 1881 751 2007 799; x_wconf 84' lang='lat' dir='ltr'><strong>Fin-</strong></span> 
     </span>
     <span class='ocr_line' id='line_1_9' title="bbox 473 816 2008 886; baseline -0.001 -18"><span class='ocrx_word' id='word_1_60' title='bbox 473 823 748 869; x_wconf 85' lang='lat' dir='ltr'><strong>:markiam</strong></span> <span class='ocrx_word' id='word_1_61' title='bbox 799 822 970 870; x_wconf 85' lang='lat' dir='ltr'><strong>rarius</strong></span> <span class='ocrx_word' id='word_1_62' title='bbox 1014 837 1094 869; x_wconf 72' lang='lat' dir='ltr'><strong>ex,</strong></span> <span class='ocrx_word' id='word_1_63' title='bbox 1137 836 1213 886; x_wconf 86' lang='lat' dir='ltr'><strong>gr.</strong></span> <span class='ocrx_word' id='word_1_64' title='bbox 1260 818 1328 867; x_wconf 86' lang='lat' dir='ltr'><strong>ad</strong></span> <span class='ocrx_word' id='word_1_65' title='bbox 1371 817 1551 867; x_wconf 87' lang='lat' dir='ltr'><strong>Norsk</strong></span> <span class='ocrx_word' id='word_1_66' title='bbox 1578 816 1852 869; x_wconf 78' lang='lat' dir='ltr'><strong>-holmen</strong></span> <span class='ocrx_word' id='word_1_67' title='bbox 1906 821 2008 868; x_wconf 88' lang='lat' dir='ltr'><strong>Ta-</strong></span> 
     </span>
     <span class='ocr_line' id='line_1_10' title="bbox 473 905 728 938; baseline -0.004 0"><span class='ocrx_word' id='word_1_68' title='bbox 473 905 728 938; x_wconf 84' lang='lat' dir='ltr'><strong>nensem.</strong></span> 
     </span>
    </p>

    <p class='ocr_par' dir='ltr' id='par_1_3' title="bbox 408 951 2012 1363">
     <span class='ocr_line' id='line_1_11' title="bbox 549 951 2008 1007; baseline -0.001 -3"><span class='ocrx_word' id='word_1_69' title='bbox 549 958 696 1005; x_wconf 86' lang='lat' dir='ltr'><strong>Folia</strong></span> <span class='ocrx_word' id='word_1_70' title='bbox 726 959 911 1007; x_wconf 87' lang='lat' dir='ltr'><strong>tenuia</strong></span> <span class='ocrx_word' id='word_1_71' title='bbox 951 968 1004 1007; x_wconf 88' lang='lat' dir='ltr'><strong>et</strong></span> <span class='ocrx_word' id='word_1_72' title='bbox 1036 954 1341 1004; x_wconf 84' lang='lat' dir='ltr'><strong>admodum</strong></span> <span class='ocrx_word' id='word_1_73' title='bbox 1365 954 1558 1003; x_wconf 87' lang='lat' dir='ltr'><strong>mollia</strong></span> <span class='ocrx_word' id='word_1_74' title='bbox 1576 952 1686 1003; x_wconf 84' lang='lat' dir='ltr'><strong>fere</strong></span> <span class='ocrx_word' id='word_1_75' title='bbox 1717 965 1780 1004; x_wconf 88' lang='lat' dir='ltr'><strong>ut</strong></span> <span class='ocrx_word' id='word_1_76' title='bbox 1800 951 2008 1005; x_wconf 74' lang='lat' dir='ltr'><strong>Stella-</strong></span> 
     </span>
     <span class='ocr_line' id='line_1_12' title="bbox 410 1023 2012 1091; baseline -0.001 -18"><span class='ocrx_word' id='word_1_77' title='bbox 410 1025 517 1074; x_wconf 78' lang='lat' dir='ltr'><strong>rioe</strong></span> <span class='ocrx_word' id='word_1_78' title='bbox 547 1023 782 1074; x_wconf 82' lang='lat' dir='ltr'><strong>medioe:</strong></span> <span class='ocrx_word' id='word_1_79' title='bbox 830 1027 1013 1075; x_wconf 82' lang='lat' dir='ltr'><strong>nervis</strong></span> <span class='ocrx_word' id='word_1_80' title='bbox 1036 1023 1514 1091; x_wconf 78' lang='lat' dir='ltr'><strong>pellucidioribuS,</strong></span> <span class='ocrx_word' id='word_1_81' title='bbox 1559 1023 1901 1088; x_wconf 85' lang='lat' dir='ltr'><strong>marginibus</strong></span> <span class='ocrx_word' id='word_1_82' title='bbox 1939 1026 2012 1071; x_wconf 86' lang='lat' dir='ltr'><strong>ci-</strong></span> 
     </span>
     <span class='ocr_line' id='line_1_13' title="bbox 409 1089 2012 1158; baseline -0.002 -17"><span class='ocrx_word' id='word_1_83' title='bbox 409 1094 555 1143; x_wconf 88' lang='lat' dir='ltr'><strong>liatis</strong></span> <span class='ocrx_word' id='word_1_84' title='bbox 582 1095 671 1142; x_wconf 87' lang='lat' dir='ltr'><strong>vel</strong></span> <span class='ocrx_word' id='word_1_85' title='bbox 695 1095 901 1158; x_wconf 84' lang='lat' dir='ltr'><strong>pilosis.</strong></span> <span class='ocrx_word' id='word_1_86' title='bbox 975 1092 1157 1141; x_wconf 84' lang='lat' dir='ltr'><strong>Caulis</strong></span> <span class='ocrx_word' id='word_1_87' title='bbox 1191 1092 1382 1140; x_wconf 87' lang='lat' dir='ltr'><strong>debilis</strong></span> <span class='ocrx_word' id='word_1_88' title='bbox 1408 1089 1713 1139; x_wconf 85' lang='lat' dir='ltr'><strong>admodum</strong></span> <span class='ocrx_word' id='word_1_89' title='bbox 1733 1125 1748 1150; x_wconf 88' lang='lat'><strong><em>‚</em></strong></span> <span class='ocrx_word' id='word_1_90' title='bbox 1776 1102 1838 1139; x_wconf 78' lang='lat' dir='ltr'><strong>&#39;et</strong></span> <span class='ocrx_word' id='word_1_91' title='bbox 1872 1092 2012 1156; x_wconf 84' lang='lat' dir='ltr'><strong>pilo-</strong></span> 
     </span>
     <span class='ocr_line' id='line_1_14' title="bbox 408 1157 2012 1223; baseline -0.001 -14"><span class='ocrx_word' id='word_1_92' title='bbox 408 1177 522 1209; x_wconf 74' lang='lat' dir='ltr'><strong>sus,</strong></span> <span class='ocrx_word' id='word_1_93' title='bbox 609 1162 921 1209; x_wconf 83' lang='lat' dir='ltr'><strong>Pedunculi</strong></span> <span class='ocrx_word' id='word_1_94' title='bbox 953 1160 1221 1209; x_wconf 78' lang='lat' dir='ltr'><strong>fructiferi</strong></span> <span class='ocrx_word' id='word_1_95' title='bbox 1257 1160 1361 1208; x_wconf 91' lang='lat' dir='ltr'><strong>toti</strong></span> <span class='ocrx_word' id='word_1_96' title='bbox 1395 1157 1600 1207; x_wconf 77' lang='lat' dir='ltr'><strong>deflexi.</strong></span> <span class='ocrx_word' id='word_1_97' title='bbox 1684 1157 1889 1223; x_wconf 80' lang='lat' dir='ltr'><strong>Calycis</strong></span> <span class='ocrx_word' id='word_1_98' title='bbox 1929 1159 2012 1208; x_wconf 87' lang='lat' dir='ltr'><strong>fo-</strong></span> 
     </span>
     <span class='ocr_line' id='line_1_15' title="bbox 408 1226 2012 1294; baseline -0.001 -18"><span class='ocrx_word' id='word_1_99' title='bbox 408 1229 542 1277; x_wconf 91' lang='lat' dir='ltr'><strong>liola</strong></span> <span class='ocrx_word' id='word_1_100' title='bbox 613 1231 851 1294; x_wconf 85' lang='lat' dir='ltr'><strong>patentia</strong></span> <span class='ocrx_word' id='word_1_101' title='bbox 872 1263 889 1289; x_wconf 92' lang='lat'><strong>,</strong></span> <span class='ocrx_word' id='word_1_102' title='bbox 957 1229 1282 1288; x_wconf 78' lang='lat' dir='ltr'><strong>lanceolata,</strong></span> <span class='ocrx_word' id='word_1_103' title='bbox 1347 1226 1691 1293; x_wconf 84' lang='lat' dir='ltr'><strong>marginibus</strong></span> <span class='ocrx_word' id='word_1_104' title='bbox 1756 1229 2012 1277; x_wconf 77' lang='lat' dir='ltr'><strong>scariosis.</strong></span> 
     </span>
     <span class='ocr_line' id='line_1_16' title="bbox 409 1296 1598 1363; baseline -0.003 -16"><span class='ocrx_word' id='word_1_105' title='bbox 409 1296 664 1363; x_wconf 84' lang='lat' dir='ltr'><strong>Capsulae</strong></span> <span class='ocrx_word' id='word_1_106' title='bbox 688 1298 942 1362; x_wconf 82' lang='lat' dir='ltr'><strong>oblongae</strong></span> <span class='ocrx_word' id='word_1_107' title='bbox 967 1298 1142 1361; x_wconf 86' lang='lat' dir='ltr'><strong>calyce</strong></span> <span class='ocrx_word' id='word_1_108' title='bbox 1166 1297 1260 1345; x_wconf 94' lang='lat' dir='ltr'><strong>lon</strong></span> <span class='ocrx_word' id='word_1_109' title='bbox 1303 1296 1460 1344; x_wconf 84' lang='lat' dir='ltr'><strong>iores.</strong></span> <span class='ocrx_word' id='word_1_110' title='bbox 1590 1307 1598 1313; x_wconf 59' lang='lat'>‘</span> 
     </span>
    </p>

    <p class='ocr_par' dir='ltr' id='par_1_4' title="bbox 408 1362 2019 1840">
     <span class='ocr_line' id='line_1_17' title="bbox 541 1362 2016 1433; baseline -0.001 -19"><span class='ocrx_word' id='word_1_111' title='bbox 541 1367 613 1414; x_wconf 68' lang='lat' dir='ltr'><strong>&#39;In</strong></span> <span class='ocrx_word' id='word_1_112' title='bbox 650 1364 912 1415; x_wconf 77' lang='lat' dir='ltr'><strong>Cerascz&#39;o</strong></span> <span class='ocrx_word' id='word_1_113' title='bbox 943 1366 1218 1433; x_wconf 72' lang='lat' dir='ltr'><strong>aquatico</strong></span> <span class='ocrx_word' id='word_1_114' title='bbox 1297 1400 1304 1409; x_wconf 93' lang='lat'><strong><em>.</em></strong></span> <span class='ocrx_word' id='word_1_115' title='bbox 1332 1362 1481 1429; x_wconf 78' lang='lat' dir='ltr'><strong>quod</strong></span> <span class='ocrx_word' id='word_1_116' title='bbox 1504 1379 1528 1410; x_wconf 83' lang='lat' dir='ltr'><strong>a</strong></span> <span class='ocrx_word' id='word_1_117' title='bbox 1554 1364 1831 1429; x_wconf 84' lang='lat' dir='ltr'><strong>Lapponia</strong></span> <span class='ocrx_word' id='word_1_118' title='bbox 1851 1364 2016 1430; x_wconf 86' lang='lat' dir='ltr'><strong>longe</strong></span> 
     </span>
     <span class='ocr_line' id='line_1_18' title="bbox 412 1431 2013 1497; baseline -0.001 -14"><span class='ocrx_word' id='word_1_119' title='bbox 412 1433 588 1484; x_wconf 83' lang='lat' dir='ltr'><strong>abest:</strong></span> <span class='ocrx_word' id='word_1_120' title='bbox 628 1434 756 1482; x_wconf 83' lang='lat' dir='ltr'><strong>folia</strong></span> <span class='ocrx_word' id='word_1_121' title='bbox 779 1435 968 1495; x_wconf 83' lang='lat' dir='ltr'><strong>omnia</strong></span> <span class='ocrx_word' id='word_1_122' title='bbox 990 1435 1202 1482; x_wconf 86' lang='lat' dir='ltr'><strong>caulina</strong></span> <span class='ocrx_word' id='word_1_123' title='bbox 1226 1443 1357 1480; x_wconf 90' lang='lat' dir='ltr'><strong>sunt</strong></span> <span class='ocrx_word' id='word_1_124' title='bbox 1389 1431 1828 1497; x_wconf 85' lang='lat' dir='ltr'><strong>amplexicaulia,</strong></span> <span class='ocrx_word' id='word_1_125' title='bbox 1879 1449 2013 1481; x_wconf 83' lang='lat' dir='ltr'><strong>cras-</strong></span> 
     </span>
     <span class='ocr_line' id='line_1_19' title="bbox 412 1500 2016 1569; baseline -0.001 -19"><span class='ocrx_word' id='word_1_126' title='bbox 412 1503 581 1552; x_wconf 82' lang='lat' dir='ltr'><strong>siora:</strong></span> <span class='ocrx_word' id='word_1_127' title='bbox 631 1503 974 1569; x_wconf 84' lang='lat' dir='ltr'><strong>marginibus</strong></span> <span class='ocrx_word' id='word_1_128' title='bbox 1006 1501 1170 1550; x_wconf 87' lang='lat' dir='ltr'><strong>nudis</strong></span> <span class='ocrx_word' id='word_1_129' title='bbox 1204 1500 1525 1564; x_wconf 75' lang='lat' dir='ltr'><strong>subcrispis;</strong></span> <span class='ocrx_word' id='word_1_130' title='bbox 1574 1500 1740 1549; x_wconf 87' lang='lat' dir='ltr'><strong>caulis</strong></span> <span class='ocrx_word' id='word_1_131' title='bbox 1777 1502 2016 1558; x_wconf 82' lang='lat' dir='ltr'><strong>strictus,</strong></span> 
     </span>
     <span class='ocr_line' id='line_1_20' title="bbox 411 1567 2019 1636; baseline -0.002 -17"><span class='ocrx_word' id='word_1_132' title='bbox 411 1571 735 1636; x_wconf 80' lang='lat' dir='ltr'><strong>pubescenti</strong></span> <span class='ocrx_word' id='word_1_133' title='bbox 758 1600 780 1611; x_wconf 94' lang='lat'><em>-</em></span> <span class='ocrx_word' id='word_1_134' title='bbox 808 1573 1077 1626; x_wconf 82' lang='lat' dir='ltr'><strong>viscosus3</strong></span> <span class='ocrx_word' id='word_1_135' title='bbox 1126 1567 1428 1634; x_wconf 81' lang='lat' dir='ltr'><strong>pedunculi</strong></span> <span class='ocrx_word' id='word_1_136' title='bbox 1462 1568 1831 1628; x_wconf 85' lang='lat' dir='ltr'><strong>erectiusculi,</strong></span> <span class='ocrx_word' id='word_1_137' title='bbox 1871 1570 2019 1633; x_wconf 84' lang='lat' dir='ltr'><strong>apice</strong></span> 
     </span>
     <span class='ocr_line' id='line_1_21' title="bbox 408 1634 2016 1701; baseline -0.002 -13"><span class='ocrx_word' id='word_1_138' title='bbox 408 1651 726 1700; x_wconf 81' lang='lat' dir='ltr'><strong>recurvat03</strong></span> <span class='ocrx_word' id='word_1_139' title='bbox 766 1640 986 1701; x_wconf 77' lang='lat' dir='ltr'><strong>calyces,</strong></span> <span class='ocrx_word' id='word_1_140' title='bbox 1008 1638 1373 1686; x_wconf 78' lang='lat' dir='ltr'><strong>&#39;conniventes</strong></span> <span class='ocrx_word' id='word_1_141' title='bbox 1398 1645 1451 1684; x_wconf 91' lang='lat' dir='ltr'><strong>et</strong></span> <span class='ocrx_word' id='word_1_142' title='bbox 1476 1634 1824 1701; x_wconf 75' lang='lat' dir='ltr'><strong>subglobosi,</strong></span> <span class='ocrx_word' id='word_1_143' title='bbox 1860 1636 2016 1685; x_wconf 82' lang='lat' dir='ltr'><strong>valde</strong></span> 
     </span>
     <span class='ocr_line' id='line_1_22' title="bbox 412 1703 2017 1771; baseline -0.001 -16"><span class='ocrx_word' id='word_1_144' title='bbox 412 1708 616 1756; x_wconf 81' lang='lat' dir='ltr'><strong>viscosi</strong></span> <span class='ocrx_word' id='word_1_145' title='bbox 670 1704 773 1768; x_wconf 88' lang='lat' dir='ltr'><strong>(ut</strong></span> <span class='ocrx_word' id='word_1_146' title='bbox 818 1709 981 1755; x_wconf 85' lang='lat' dir='ltr'><strong>etiam</strong></span> <span class='ocrx_word' id='word_1_147' title='bbox 1019 1703 1358 1771; x_wconf 81' lang='lat' dir='ltr'><strong>pedunculi&gt;</strong></span> <span class='ocrx_word' id='word_1_148' title='bbox 1413 1713 1467 1751; x_wconf 91' lang='lat' dir='ltr'><strong>et</strong></span> <span class='ocrx_word' id='word_1_149' title='bbox 1519 1703 1640 1752; x_wconf 84' lang='lat' dir='ltr'><strong>sine</strong></span> <span class='ocrx_word' id='word_1_150' title='bbox 1678 1704 2017 1770; x_wconf 81' lang='lat' dir='ltr'><strong>marginibus</strong></span> 
     </span>
     <span class='ocr_line' id='line_1_23' title="bbox 415 1770 1720 1840; baseline -0.003 -17"><span class='ocrx_word' id='word_1_151' title='bbox 415 1777 680 1824; x_wconf 81' lang='lat' dir='ltr'><strong>scariosis.</strong></span> <span class='ocrx_word' id='word_1_152' title='bbox 755 1774 1007 1840; x_wconf 85' lang='lat' dir='ltr'><strong>Capsulae</strong></span> <span class='ocrx_word' id='word_1_153' title='bbox 1035 1784 1208 1821; x_wconf 79' lang='lat' dir='ltr'><strong>ovatae</strong></span> <span class='ocrx_word' id='word_1_154' title='bbox 1233 1771 1405 1839; x_wconf 84' lang='lat' dir='ltr'><strong>calyce</strong></span> <span class='ocrx_word' id='word_1_155' title='bbox 1429 1770 1720 1824; x_wconf 79' lang='lat' dir='ltr'><strong>breviores.</strong></span> 
     </span>
    </p>

    <p class='ocr_par' dir='ltr' id='par_1_5' title="bbox 345 1836 2082 2114">
     <span class='ocr_line' id='line_1_24' title="bbox 345 1836 2082 1908; baseline -0.003 -14"><span class='ocrx_word' id='word_1_156' title='bbox 345 1853 465 1908; x_wconf 67' lang='lat'><strong>231.</strong></span> <span class='ocrx_word' id='word_1_157' title='bbox 503 1842 899 1893; x_wconf 84' lang='lat' dir='ltr'><strong>STELLARIA</strong></span> <span class='ocrx_word' id='word_1_158' title='bbox 921 1836 1300 1890; x_wconf 75' lang='lat' dir='ltr'><strong>cerascoides:</strong></span> <span class='ocrx_word' id='word_1_159' title='bbox 1339 1839 1487 1888; x_wconf 84' lang='lat' dir='ltr'><strong>foliis</strong></span> <span class='ocrx_word' id='word_1_160' title='bbox 1508 1838 1816 1888; x_wconf 83' lang='lat' dir='ltr'><strong>lanceolatis</strong></span> <span class='ocrx_word' id='word_1_161' title='bbox 1856 1839 2016 1888; x_wconf 88' lang='lat' dir='ltr'><strong>obtu·</strong></span> <span class='ocrx_word' id='word_1_162' title='bbox 2073 1882 2082 1888; x_wconf 83' lang='lat'>.</span> 
     </span>
     <span class='ocr_line' id='line_1_25' title="bbox 554 1907 2013 1974; baseline -0.002 -14"><span class='ocrx_word' id='word_1_163' title='bbox 554 1914 626 1960; x_wconf 86' lang='lat' dir='ltr'><strong>sis</strong></span> <span class='ocrx_word' id='word_1_164' title='bbox 651 1911 963 1971; x_wconf 79' lang='lat' dir='ltr'><strong>enervibus,</strong></span> <span class='ocrx_word' id='word_1_165' title='bbox 978 1910 1127 1959; x_wconf 86' lang='lat' dir='ltr'><strong>caule</strong></span> <span class='ocrx_word' id='word_1_166' title='bbox 1141 1907 1507 1957; x_wconf 84' lang='lat' dir='ltr'><strong>decumbente</strong></span> <span class='ocrx_word' id='word_1_167' title='bbox 1519 1907 1661 1956; x_wconf 87' lang='lat' dir='ltr'><strong>linea</strong></span> <span class='ocrx_word' id='word_1_168' title='bbox 1684 1908 1889 1958; x_wconf 87' lang='lat' dir='ltr'><strong>laterali</strong></span> <span class='ocrx_word' id='word_1_169' title='bbox 1910 1925 2013 1974; x_wconf 90' lang='lat' dir='ltr'><strong>pu-</strong></span> 
     </span>
     <span class='ocr_line' id='line_1_26' title="bbox 553 1976 2015 2046; baseline -0.002 -17"><span class='ocrx_word' id='word_1_170' title='bbox 553 1981 827 2040; x_wconf 85' lang='lat' dir='ltr'><strong>bescente,</strong></span> <span class='ocrx_word' id='word_1_171' title='bbox 843 1979 1167 2046; x_wconf 86' lang='lat' dir='ltr'><strong>pedunculis</strong></span> <span class='ocrx_word' id='word_1_172' title='bbox 1192 1977 1543 2043; x_wconf 73' lang='lat' dir='ltr'><strong>gemnlinatis</strong></span> <span class='ocrx_word' id='word_1_173' title='bbox 1566 1976 2015 2042; x_wconf 84' lang='lat' dir='ltr'><strong>pubescentibus,</strong></span> 
     </span>
     <span class='ocr_line' id='line_1_27' title="bbox 552 2044 1747 2114; baseline -0.008 -17"><span class='ocrx_word' id='word_1_174' title='bbox 552 2050 743 2114; x_wconf 75' lang='lat' dir='ltr'><strong>petalis</strong></span> <span class='ocrx_word' id='word_1_175' title='bbox 766 2049 940 2111; x_wconf 89' lang='lat' dir='ltr'><strong>calyce</strong></span> <span class='ocrx_word' id='word_1_176' title='bbox 965 2047 1133 2112; x_wconf 85' lang='lat' dir='ltr'><strong>duplo</strong></span> <span class='ocrx_word' id='word_1_177' title='bbox 1158 2044 1516 2112; x_wconf 80' lang='lat' dir='ltr'><strong>longioribus.</strong></span> <span class='ocrx_word' id='word_1_178' title='bbox 1594 2082 1599 2086; x_wconf 86' lang='lat'>.</span> <span class='ocrx_word' id='word_1_179' title='bbox 1742 2084 1747 2088; x_wconf 86' lang='lat'>.</span> 
     </span>
    </p>

    <p class='ocr_par' dir='ltr' id='par_1_6' title="bbox 484 2108 2022 2594">
     <span class='ocr_line' id='line_1_28' title="bbox 484 2108 2018 2181; baseline -0.008 -12"><span class='ocrx_word' id='word_1_180' title='bbox 484 2116 560 2169; x_wconf 84' lang='lat' dir='ltr'><strong>St.</strong></span> <span class='ocrx_word' id='word_1_181' title='bbox 585 2118 905 2167; x_wconf 71' lang='lat' dir='ltr'><strong>cer-astoides</strong></span> <span class='ocrx_word' id='word_1_182' title='bbox 930 2111 1099 2164; x_wconf 80' lang='lat' dir='ltr'><strong>Limz.</strong></span> <span class='ocrx_word' id='word_1_183' title='bbox 1123 2129 1248 2163; x_wconf 68' lang='lat' dir='ltr'><strong>svec</strong></span> <span class='ocrx_word' id='word_1_184' title='bbox 1279 2130 1334 2161; x_wconf 90' lang='lat' dir='ltr'><strong>n.</strong></span> <span class='ocrx_word' id='word_1_185' title='bbox 1371 2117 1488 2176; x_wconf 72' lang='lat'><strong>594.</strong></span> <span class='ocrx_word' id='word_1_186' title='bbox 1572 2108 1746 2181; x_wconf 77' lang='lat' dir='ltr'><strong>Engl.</strong></span> <span class='ocrx_word' id='word_1_187' title='bbox 1774 2109 1897 2169; x_wconf 80' lang='lat' dir='ltr'><strong>boc.</strong></span> <span class='ocrx_word' id='word_1_188' title='bbox 1942 2123 2018 2175; x_wconf 78' lang='lat'><strong>15.</strong></span> 
     </span>
     <span class='ocr_line' id='line_1_29' title="bbox 626 2178 2017 2248; baseline -0.004 -14"><span class='ocrx_word' id='word_1_189' title='bbox 626 2198 663 2235; x_wconf 91' lang='lat' dir='ltr'><strong>t.</strong></span> <span class='ocrx_word' id='word_1_190' title='bbox 700 2201 817 2248; x_wconf 68' lang='lat'>911.</span> <span class='ocrx_word' id='word_1_191' title='bbox 854 2185 1016 2233; x_wconf 85' lang='lat' dir='ltr'><strong>bona.</strong></span> <span class='ocrx_word' id='word_1_192' title='bbox 1098 2179 1299 2231; x_wconf 72' lang='lat' dir='ltr'><strong>Smiclc.</strong></span> <span class='ocrx_word' id='word_1_193' title='bbox 1338 2178 1467 2228; x_wconf 83' lang='lat' dir='ltr'><strong>bric.</strong></span> <span class='ocrx_word' id='word_1_194' title='bbox 1496 2192 1545 2229; x_wconf 77' lang='lat'><strong>2.</strong></span> <span class='ocrx_word' id='word_1_195' title='bbox 1580 2198 1633 2247; x_wconf 85' lang='lat' dir='ltr'><strong>p.</strong></span> <span class='ocrx_word' id='word_1_196' title='bbox 1657 2188 1775 2243; x_wconf 73' lang='lat'><strong>477.</strong></span> <span class='ocrx_word' id='word_1_197' title='bbox 1848 2183 1916 2229; x_wconf 83' lang='lat' dir='ltr'><strong>ic.</strong></span> <span class='ocrx_word' id='word_1_198' title='bbox 1940 2179 2017 2247; x_wconf 82' lang='lat' dir='ltr'><strong>pl.</strong></span> 
     </span>
     <span class='ocr_line' id='line_1_30' title="bbox 626 2246 2022 2317; baseline -0.004 -16"><span class='ocrx_word' id='word_1_199' title='bbox 626 2251 797 2302; x_wconf 81' lang='lat' dir='ltr'><strong>Linn.</strong></span> <span class='ocrx_word' id='word_1_200' title='bbox 821 2265 857 2302; x_wconf 89' lang='lat' dir='ltr'><strong>t.</strong></span> <span class='ocrx_word' id='word_1_201' title='bbox 888 2263 967 2315; x_wconf 81' lang='lat'><strong>15.</strong></span> <span class='ocrx_word' id='word_1_202' title='bbox 1014 2247 1300 2302; x_wconf 64' lang='lat' dir='ltr'><strong>Willden.</strong></span> <span class='ocrx_word' id='word_1_203' title='bbox 1325 2265 1472 2315; x_wconf 77' lang='lat' dir='ltr'><strong>spec,</strong></span> <span class='ocrx_word' id='word_1_204' title='bbox 1501 2262 1548 2296; x_wconf 73' lang='lat'><strong>2.</strong></span> <span class='ocrx_word' id='word_1_205' title='bbox 1574 2266 1627 2314; x_wconf 85' lang='lat' dir='ltr'><strong>p.</strong></span> <span class='ocrx_word' id='word_1_206' title='bbox 1655 2255 1771 2311; x_wconf 71' lang='lat'>714.</span> <span class='ocrx_word' id='word_1_207' title='bbox 1819 2246 2022 2317; x_wconf 76' lang='lat' dir='ltr'><strong>Zoegcz</strong></span> 
     </span>
     <span class='ocr_line' id='line_1_31' title="bbox 627 2312 2021 2384; baseline -0.005 -13"><span class='ocrx_word' id='word_1_208' title='bbox 627 2318 836 2371; x_wconf 76' lang='lat' dir='ltr'><strong>island.</strong></span> <span class='ocrx_word' id='word_1_209' title='bbox 873 2347 943 2356; x_wconf 97' lang='lat'>—</span> <span class='ocrx_word' id='word_1_210' title='bbox 976 2319 1058 2369; x_wconf 85' lang='lat' dir='ltr'><strong>Fl.</strong></span> <span class='ocrx_word' id='word_1_211' title='bbox 1087 2317 1225 2368; x_wconf 81' lang='lat' dir='ltr'><strong>dan.</strong></span> <span class='ocrx_word' id='word_1_212' title='bbox 1253 2329 1288 2366; x_wconf 90' lang='lat' dir='ltr'><strong>t.</strong></span> <span class='ocrx_word' id='word_1_213' title='bbox 1314 2327 1399 2381; x_wconf 76' lang='lat'><strong>92.</strong></span> <span class='ocrx_word' id='word_1_214' title='bbox 1450 2312 1719 2384; x_wconf 59' lang='lat' dir='ltr'><strong>PV&#39;zcllfen</strong></span> <span class='ocrx_word' id='word_1_215' title='bbox 1742 2319 1804 2366; x_wconf 82' lang='lat' dir='ltr'><strong>in</strong></span> <span class='ocrx_word' id='word_1_216' title='bbox 1823 2315 2021 2382; x_wconf 67' lang='lat' dir='ltr'><strong>fac-qu.</strong></span> 
     </span>
     <span class='ocr_line' id='line_1_32' title="bbox 629 2387 2020 2454; baseline -0.005 -15"><span class='ocrx_word' id='word_1_217' title='bbox 629 2389 778 2439; x_wconf 85' lang='lat' dir='ltr'><strong>Coll.</strong></span> <span class='ocrx_word' id='word_1_218' title='bbox 809 2400 957 2438; x_wconf 71' lang='lat' dir='ltr'><strong>anst.</strong></span> <span class='ocrx_word' id='word_1_219' title='bbox 987 2407 1008 2437; x_wconf 90' lang='lat'><strong>1</strong></span> <span class='ocrx_word' id='word_1_220' title='bbox 1031 2424 1040 2436; x_wconf 90' lang='lat'><strong>.</strong></span> <span class='ocrx_word' id='word_1_221' title='bbox 1060 2406 1110 2454; x_wconf 91' lang='lat' dir='ltr'><strong>p.</strong></span> <span class='ocrx_word' id='word_1_222' title='bbox 1135 2393 1251 2450; x_wconf 72' lang='lat'><strong>254.</strong></span> <span class='ocrx_word' id='word_1_223' title='bbox 1279 2387 1382 2434; x_wconf 88' lang='lat' dir='ltr'><strong>tab.</strong></span> <span class='ocrx_word' id='word_1_224' title='bbox 1415 2401 1492 2448; x_wconf 79' lang='grc' dir='ltr'><strong>ις).</strong></span> <span class='ocrx_word' id='word_1_225' title='bbox 1584 2387 1839 2434; x_wconf 79' lang='lat' dir='ltr'><strong>Gunner.</strong></span> <span class='ocrx_word' id='word_1_226' title='bbox 1868 2401 2020 2432; x_wconf 62' lang='grc' dir='ltr'><strong>ηοιν.</strong></span> 
     </span>
     <span class='ocr_line' id='line_1_33' title="bbox 624 2451 2022 2524; baseline -0.005 -16"><span class='ocrx_word' id='word_1_227' title='bbox 624 2476 685 2508; x_wconf 78' lang='lat' dir='ltr'><strong>n.</strong></span> <span class='ocrx_word' id='word_1_228' title='bbox 720 2468 838 2522; x_wconf 86' lang='lat'>951.</span> <span class='ocrx_word' id='word_1_229' title='bbox 876 2469 915 2506; x_wconf 86' lang='lat' dir='ltr'><strong>t.</strong></span> <span class='ocrx_word' id='word_1_230' title='bbox 939 2455 988 2506; x_wconf 89' lang='lat'><strong>6.</strong></span> <span class='ocrx_word' id='word_1_231' title='bbox 1016 2457 1055 2505; x_wconf 84' lang='lat' dir='ltr'><strong>f.</strong></span> <span class='ocrx_word' id='word_1_232' title='bbox 1080 2466 1131 2506; x_wconf 80' lang='lat'><strong>2.</strong></span> <span class='ocrx_word' id='word_1_233' title='bbox 1202 2451 1688 2524; x_wconf 74' lang='lat' dir='ltr'><strong>Landcfaeroens.</strong></span> <span class='ocrx_word' id='word_1_234' title='bbox 1725 2475 1794 2489; x_wconf 90' lang='grc'><strong>-·-</strong></span> <span class='ocrx_word' id='word_1_235' title='bbox 1832 2451 2022 2502; x_wconf 71' lang='lat' dir='ltr'><strong>Cranz</strong></span> 
     </span>
     <span class='ocr_line' id='line_1_34' title="bbox 626 2522 1094 2594; baseline -0.002 -19"><span class='ocrx_word' id='word_1_236' title='bbox 626 2522 974 2594; x_wconf 78' lang='lat' dir='ltr'><strong>groenland.</strong></span> <span class='ocrx_word' id='word_1_237' title='bbox 1013 2549 1094 2560; x_wconf 87' lang='grc'><strong>-·</strong></span> 
     </span>
    </p>

    <p class='ocr_par' dir='ltr' id='par_1_7' title="bbox 423 2587 2021 2730">
     <span class='ocr_line' id='line_1_35' title="bbox 423 2587 2019 2659; baseline -0.006 -13"><span class='ocrx_word' id='word_1_238' title='bbox 423 2592 560 2646; x_wconf 79' lang='lat' dir='ltr'><strong>Hah.</strong></span> <span class='ocrx_word' id='word_1_239' title='bbox 586 2596 644 2644; x_wconf 90' lang='lat' dir='ltr'><strong>in</strong></span> <span class='ocrx_word' id='word_1_240' title='bbox 672 2594 958 2644; x_wconf 87' lang='lat' dir='ltr'><strong>stillicidiis</strong></span> <span class='ocrx_word' id='word_1_241' title='bbox 984 2608 1137 2659; x_wconf 82' lang='lat' dir='ltr'><strong>aquae</strong></span> <span class='ocrx_word' id='word_1_242' title='bbox 1159 2592 1359 2641; x_wconf 85' lang='lat' dir='ltr'><strong>nivalis</strong></span> <span class='ocrx_word' id='word_1_243' title='bbox 1380 2607 1476 2656; x_wconf 85' lang='lat' dir='ltr'><strong>per</strong></span> <span class='ocrx_word' id='word_1_244' title='bbox 1501 2601 1683 2639; x_wconf 88' lang='lat' dir='ltr'><strong>totum</strong></span> <span class='ocrx_word' id='word_1_245' title='bbox 1705 2589 1912 2654; x_wconf 88' lang='lat' dir='ltr'><strong>alpium</strong></span> <span class='ocrx_word' id='word_1_246' title='bbox 1934 2587 2019 2651; x_wconf 89' lang='lat' dir='ltr'><strong>ju-</strong></span> 
     </span>
     <span class='ocr_line' id='line_1_36' title="bbox 492 2656 2021 2730; baseline -0.005 -19"><span class='ocrx_word' id='word_1_247' title='bbox 492 2680 634 2730; x_wconf 83' lang='lat' dir='ltr'><strong>gum</strong></span> <span class='ocrx_word' id='word_1_248' title='bbox 678 2674 729 2711; x_wconf 86' lang='lat' dir='ltr'><strong>et</strong></span> <span class='ocrx_word' id='word_1_249' title='bbox 772 2676 966 2711; x_wconf 86' lang='lat' dir='ltr'><strong>omnes</strong></span> <span class='ocrx_word' id='word_1_250' title='bbox 1012 2663 1156 2726; x_wconf 78' lang='lat' dir='ltr'><strong>alpes</strong></span> <span class='ocrx_word' id='word_1_251' title='bbox 1189 2661 1493 2708; x_wconf 80' lang='lat' dir='ltr'><strong>maritimas</strong></span> <span class='ocrx_word' id='word_1_252' title='bbox 1535 2659 1644 2707; x_wconf 84' lang='lat' dir='ltr'><strong>fere</strong></span> <span class='ocrx_word' id='word_1_253' title='bbox 1676 2658 1880 2722; x_wconf 83' lang='lat' dir='ltr'><strong>ubique</strong></span> <span class='ocrx_word' id='word_1_254' title='bbox 1918 2656 2021 2705; x_wconf 84' lang='lat' dir='ltr'><strong>fre-</strong></span> 
     </span>
    </p>

    <p class='ocr_par' dir='ltr' id='par_1_8' title="bbox 453 2723 2027 2861">
     <span class='ocr_line' id='line_1_37' title="bbox 453 2723 2022 2798; baseline -0.007 -15"><span class='ocrx_word' id='word_1_255' title='bbox 453 2779 456 2783; x_wconf 88' lang='lat'>.</span> <span class='ocrx_word' id='word_1_256' title='bbox 495 2741 756 2798; x_wconf 83' lang='lat' dir='ltr'><strong>quenter;</strong></span> <span class='ocrx_word' id='word_1_257' title='bbox 788 2740 851 2779; x_wconf 87' lang='lat' dir='ltr'><strong>ut</strong></span> <span class='ocrx_word' id='word_1_258' title='bbox 871 2731 1037 2778; x_wconf 85' lang='lat' dir='ltr'><strong>etiam</strong></span> <span class='ocrx_word' id='word_1_259' title='bbox 1059 2731 1189 2778; x_wconf 88' lang='lat' dir='ltr'><strong>locis</strong></span> <span class='ocrx_word' id='word_1_260' title='bbox 1213 2727 1555 2791; x_wconf 80' lang='lat' dir='ltr'><strong>inferalpinis</strong></span> <span class='ocrx_word' id='word_1_261' title='bbox 1581 2729 1642 2775; x_wconf 90' lang='lat' dir='ltr'><strong>in</strong></span> <span class='ocrx_word' id='word_1_262' title='bbox 1666 2738 1800 2775; x_wconf 88' lang='lat' dir='ltr'><strong>terra</strong></span> <span class='ocrx_word' id='word_1_263' title='bbox 1824 2723 2022 2773; x_wconf 86' lang='lat' dir='ltr'><strong>denuta</strong></span> 
     </span>
     <span class='ocr_line' id='line_1_38' title="bbox 497 2792 2027 2861; baseline -0.006 -12"><span class='ocrx_word' id='word_1_264' title='bbox 497 2809 784 2857; x_wconf 80' lang='lat' dir='ltr'><strong>stercorata</strong></span> <span class='ocrx_word' id='word_1_265' title='bbox 839 2798 991 2861; x_wconf 78' lang='lat' dir='ltr'><strong>juxta</strong></span> <span class='ocrx_word' id='word_1_266' title='bbox 1046 2812 1186 2847; x_wconf 86' lang='lat' dir='ltr'><strong>casas</strong></span> <span class='ocrx_word' id='word_1_267' title='bbox 1244 2792 1592 2861; x_wconf 65' lang='lat' dir='ltr'><strong>Lapponum&#39;</strong></span> <span class='ocrx_word' id='word_1_268' title='bbox 1616 2794 2027 2843; x_wconf 83' lang='lat' dir='ltr'><strong>maritimorum</strong></span> 
     </span>
    </p>

    <p class='ocr_par' dir='ltr' id='par_1_9' title="bbox 491 2861 2024 2931">
     <span class='ocr_line' id='line_1_39' title="bbox 491 2861 2024 2931; baseline -0.008 -13"><span class='ocrx_word' id='word_1_269' title='bbox 491 2867 820 2918; x_wconf 81' lang='lat' dir='ltr'><strong>Finmarkiae</strong></span> <span class='ocrx_word' id='word_1_270' title='bbox 852 2868 1074 2931; x_wconf 79' lang='lat' dir='ltr'><strong>passim.</strong></span> <span class='ocrx_word' id='word_1_271' title='bbox 1142 2861 1225 2914; x_wconf 69' lang='lat' dir='ltr'><strong>&#39;In</strong></span> <span class='ocrx_word' id='word_1_272' title='bbox 1258 2864 1552 2929; x_wconf 86' lang='lat' dir='ltr'><strong>Lapponiis</strong></span> <span class='ocrx_word' id='word_1_273' title='bbox 1583 2862 1799 2909; x_wconf 86' lang='lat' dir='ltr'><strong>svecicis</strong></span> <span class='ocrx_word' id='word_1_274' title='bbox 1839 2863 2024 2925; x_wconf 85' lang='lat' dir='ltr'><strong>ipsum</strong></span> 
     </span>
    </p>

    <p class='ocr_par' dir='ltr' id='par_1_10' title="bbox 492 2929 2031 3053">
     <span class='ocr_line' id='line_1_40' title="bbox 492 2929 2031 3001; baseline -0.006 -17"><span class='ocrx_word' id='word_1_275' title='bbox 492 2934 694 3001; x_wconf 79' lang='lat' dir='ltr'><strong>jugum</strong></span> <span class='ocrx_word' id='word_1_276' title='bbox 729 2935 941 2999; x_wconf 87' lang='lat' dir='ltr'><strong>alpium</strong></span> <span class='ocrx_word' id='word_1_277' title='bbox 974 2936 1067 2983; x_wconf 73' lang='lat' dir='ltr'><strong>vix</strong></span> <span class='ocrx_word' id='word_1_278' title='bbox 1100 2932 1293 2984; x_wconf 85' lang='lat' dir='ltr'><strong>deserit</strong></span> <span class='ocrx_word' id='word_1_279' title='bbox 1324 2931 1466 2980; x_wconf 80' lang='lat' dir='ltr'><strong>infra</strong></span> <span class='ocrx_word' id='word_1_280' title='bbox 1499 2930 1708 2979; x_wconf 76' lang='lat' dir='ltr'><strong>Sakkok</strong></span> <span class='ocrx_word' id='word_1_281' title='bbox 1726 2929 1890 2993; x_wconf 89' lang='lat' dir='ltr'><strong>Lapp.</strong></span> <span class='ocrx_word' id='word_1_282' title='bbox 1915 2929 2031 2995; x_wconf 73' lang='lat' dir='ltr'><strong>Lu-¹</strong></span> 
     </span>
     <span class='ocr_line' id='line_1_41' title="bbox 494 3003 1004 3053; baseline -0.002 -2"><span class='ocrx_word' id='word_1_283' title='bbox 494 3005 662 3053; x_wconf 85' lang='lat' dir='ltr'><strong>lensis</strong></span> <span class='ocrx_word' id='word_1_284' title='bbox 685 3003 830 3051; x_wconf 85' lang='lat' dir='ltr'><strong>haud</strong></span> <span class='ocrx_word' id='word_1_285' title='bbox 853 3004 1004 3052; x_wconf 84' lang='lat' dir='ltr'><strong>lecta.</strong></span> 
     </span>
    </p>

    <p class='ocr_par' dir='ltr' id='par_1_11' title="bbox 428 3064 2028 3342">
     <span class='ocr_line' id='line_1_42' title="bbox 564 3064 2026 3137; baseline -0.008 -15"><span class='ocrx_word' id='word_1_286' title='bbox 564 3073 683 3137; x_wconf 88' lang='lat' dir='ltr'><strong>Ipsa</strong></span> <span class='ocrx_word' id='word_1_287' title='bbox 714 3071 878 3119; x_wconf 84' lang='lat' dir='ltr'><strong>herba</strong></span> <span class='ocrx_word' id='word_1_288' title='bbox 913 3086 1141 3136; x_wconf 64' lang='lat' dir='ltr'><strong>semper&gt;</strong></span> <span class='ocrx_word' id='word_1_289' title='bbox 1169 3067 1349 3135; x_wconf 85' lang='lat' dir='ltr'><strong>glabra</strong></span> <span class='ocrx_word' id='word_1_290' title='bbox 1380 3067 1525 3119; x_wconf 88' lang='lat' dir='ltr'><strong>mihi</strong></span> <span class='ocrx_word' id='word_1_291' title='bbox 1557 3065 1669 3113; x_wconf 84' lang='lat' dir='ltr'><strong>visa</strong></span> <span class='ocrx_word' id='word_1_292' title='bbox 1700 3073 1809 3121; x_wconf 79' lang='lat' dir='ltr'><strong>est,</strong></span> <span class='ocrx_word' id='word_1_293' title='bbox 1847 3074 1900 3111; x_wconf 89' lang='lat' dir='ltr'><strong>et</strong></span> <span class='ocrx_word' id='word_1_294' title='bbox 1923 3064 2026 3113; x_wconf 86' lang='lat' dir='ltr'><strong>soli</strong></span> 
     </span>
     <span class='ocr_line' id='line_1_43' title="bbox 428 3132 2028 3207; baseline -0.006 -17"><span class='ocrx_word' id='word_1_295' title='bbox 428 3139 731 3207; x_wconf 82' lang='lat' dir='ltr'><strong>pedunculi</strong></span> <span class='ocrx_word' id='word_1_296' title='bbox 757 3155 885 3188; x_wconf 89' lang='lat' dir='ltr'><strong>cum</strong></span> <span class='ocrx_word' id='word_1_297' title='bbox 908 3140 1168 3188; x_wconf 67' lang='lat' dir='ltr'><strong>inferiore</strong></span> <span class='ocrx_word' id='word_1_298' title='bbox 1189 3148 1337 3202; x_wconf 80' lang='lat' dir='ltr'><strong>parte</strong></span> <span class='ocrx_word' id='word_1_299' title='bbox 1362 3135 1548 3196; x_wconf 85' lang='lat' dir='ltr'><strong>calycis</strong></span> <span class='ocrx_word' id='word_1_300' title='bbox 1561 3132 1913 3197; x_wconf 85' lang='lat' dir='ltr'><strong>pubescentes</strong></span> <span class='ocrx_word' id='word_1_301' title='bbox 1927 3143 2028 3180; x_wconf 83' lang='lat' dir='ltr'><strong>nec</strong></span> 
     </span>
     <span class='ocr_line' id='line_1_44' title="bbox 428 3199 2024 3267; baseline -0.006 -9"><span class='ocrx_word' id='word_1_302' title='bbox 428 3224 547 3258; x_wconf 84' lang='lat' dir='ltr'><strong>:non</strong></span> <span class='ocrx_word' id='word_1_303' title='bbox 571 3208 716 3256; x_wconf 87' lang='lat' dir='ltr'><strong>linea</strong></span> <span class='ocrx_word' id='word_1_304' title='bbox 734 3208 1041 3257; x_wconf 84' lang='lat' dir='ltr'><strong>unilaterali</strong></span> <span class='ocrx_word' id='word_1_305' title='bbox 1065 3206 1230 3254; x_wconf 88' lang='lat' dir='ltr'><strong>caulis</strong></span> <span class='ocrx_word' id='word_1_306' title='bbox 1255 3203 1394 3252; x_wconf 83' lang='lat' dir='ltr'><strong>infra</strong></span> <span class='ocrx_word' id='word_1_307' title='bbox 1409 3214 1841 3267; x_wconf 76' lang='lat' dir='ltr'><strong>par-supremum</strong></span> <span class='ocrx_word' id='word_1_308' title='bbox 1865 3199 2024 3249; x_wconf 85' lang='lat' dir='ltr'><strong>folio-</strong></span> 
     </span>
     <span class='ocr_line' id='line_1_45' title="bbox 428 3268 2027 3342; baseline -0.005 -16"><span class='ocrx_word' id='word_1_309' title='bbox 428 3291 576 3327; x_wconf 80' lang='lat' dir='ltr'><strong>rum.</strong></span> <span class='ocrx_word' id='word_1_310' title='bbox 645 3277 775 3326; x_wconf 63' lang='lat' dir='ltr'><strong>llaec</strong></span> <span class='ocrx_word' id='word_1_311' title='bbox 796 3275 941 3328; x_wconf 82' lang='lat' dir='ltr'><strong>linea</strong></span> <span class='ocrx_word' id='word_1_312' title='bbox 972 3275 1274 3342; x_wconf 82' lang='lat' dir='ltr'><strong>pubescens</strong></span> <span class='ocrx_word' id='word_1_313' title='bbox 1309 3271 1469 3320; x_wconf 87' lang='lat' dir='ltr'><strong>caulis</strong></span> <span class='ocrx_word' id='word_1_314' title='bbox 1511 3283 1578 3319; x_wconf 78' lang='lat' dir='ltr'><strong>ex</strong></span> <span class='ocrx_word' id='word_1_315' title='bbox 1605 3268 1902 3317; x_wconf 78' lang='lat' dir='ltr'><strong>insertione</strong></span> <span class='ocrx_word' id='word_1_316' title='bbox 1934 3283 2027 3333; x_wconf 87' lang='lat' dir='ltr'><strong>pe-</strong></span> 
     </span>
    </p>
   </div>
  </div>
 </body>
</html>
