2194 3893
465 174 1051 248 [rssnipssmrvni
1105 190 1418 229 TERRAE.
1702 197 1766 231 Ll

119 317 525 372 temperaturae,
587 316 635 353 et
674 305 726 352 id
761 308 975 370 ipsum,
1037 308 1183 372 quod
1228 326 1318 358 eos
1360 325 1545 358 versus
1593 311 1761 360 finem

119 377 316 425 aestatis
342 375 532 422 observ
537 375 621 420 avi
644 385 695 420 et
721 375 862 422 inter
885 391 939 423 se
966 377 1354 426 convenientes
1385 382 1418 423 1·
1428 396 1473 421 1ae
1482 380 1591 438 eni,
1611 396 1759 429 com-

120 453 424 492 monstrare
459 441 702 501 videtur,
755 458 841 490 eos
867 455 1288 513 temperaturam
1318 457 1468 494 terrse
1497 448 1760 511 quodam-

119 511 289 559 modo
314 526 493 558 veram
516 509 822 573 praebuisse.
893 511 1053 579 Quod
1076 514 1120 560 si
1143 514 1212 560 ita
1237 525 1345 573 est,
1375 518 1470 561 rati
1477 531 1641 563 onem
1669 518 1763 563 ha-

120 580 316 628 bemus
348 578 687 651 probabilem
712 579 1033 643 colligendi,
1071 592 1342 645 punctum
1367 584 1761 647 congelationis

121 658 498 712 temperaturae
547 658 773 694 terrenae
810 663 937 694 cum
968 650 1084 713 ipso
1127 649 1306 697 lituite
1352 651 1518 697 nivali
1560 653 1762 700 coinci-

120 715 273 773 dere,
300 727 601 779 terramque
623 715 770 761 intus
800 714 995 781 frigore
1020 733 1134 765 non
1159 719 1444 783 rigescere,
1470 730 1764 783 antequam

85 783 426 847 -superficies
470 785 583 840 eius
617 782 783 847 glacie
819 755 899 830 et0
921 786 1049 833 nive
1091 790 1350 834 continua
1395 788 1624 834 obducta
1673 790 1762 846 sit,

117 853 534 914 terminumque
567 851 833 897 ultimum
860 861 1236 917 temperaturae
1263 865 1432 913 terrai,
1459 857 1764 902 terminum

119 934 338 984 quoque
365 920 693 966 constituere
723 921 905 967 omnis
941 924 1295 986 vegetationis
1332 935 1384 971 et
1421 926 1602 971 omnis
1640 925 1765 972 vitae

122 990 406 1052 organicae.
488 987 585 1034 Hic
624 988 891 1035 terminus
941 991 1308 1038 certissimum
1354 991 1513 1040 nobis
1562 991 1767 1055 praebet

118 1065 423 1121 punctum,
479 1071 507 1102 e
551 1070 657 1118 quo
697 1070 926 1102 omnem
963 1060 1364 1122 vegetationem
1400 1071 1451 1108 et
1484 1059 1601 1107 vim
1639 1075 1764 1123 pro-

120 1123 400 1171 ductivam
433 1123 657 1170 vitalem
690 1124 842 1170 certis
872 1124 1074 1188 gradib
1067 1141 1124 1173 is
1163 1129 1376 1175 emetiri
1399 1130 1694 1191 possimus.

254 1190 341 1250 Si,
399 1192 482 1238 his
542 1191 840 1238 rationibus
871 1193 1005 1251 nisi,
1051 1206 1159 1241 tem
1166 1206 1473 1258 peratuiam
1504 1207 1658 1244 terrae
1705 1196 1762 1244 in

119 1259 409 1307 altitudine
435 1258 626 1322 templi
645 1259 1042 1309 Enontekensis
1069 1265 1396 1326 quaerimus,
1423 1279 1542 1311 eam
1578 1280 1626 1314 -r-
1647 1264 1720 1311 10.
1737 1276 1768 1323 ‘7

120 1343 264 1386 esse,
314 1327 562 1392 colligere
581 1342 902 1391 possuiiius;
941 1329 1180 1394 adeoque
1205 1342 1626 1395 temperaturam
1665 1344 1767 1380 ter-

118 1411 194 1443 rae
227 1395 363 1457 4⁶23
411 1395 723 1443 calidiorem
769 1411 878 1444 esse
924 1407 1282 1461 temperatura
1328 1401 1462 1448 aeris
1519 1398 1769 1461 ejusde1n

118 1463 244 1511 loci.
334 1465 462 1522 Est,
511 1462 656 1527 quod
687 1465 958 1511 miremur
992 1476 1197 1513 tantam
1230 1467 1591 1516 differentiam
1633 1483 1767 1526 esse,

121 1548 249 1579 cum
275 1533 505 1578 sciamus
539 1542 956 1594 temperaturam
981 1536 1114 1581 aeris
1142 1545 1193 1582 et
1219 1545 1369 1582 terrae
1392 1535 1455 1582 ad
1496 1535 1768 1600 Upsaliam

117 1601 345 1647 nonnisi
390 1614 504 1646 uno
539 1604 709 1662 gradu
744 1598 971 1647 differre.
1055 1602 1098 1647 E
1136 1605 1404 1651 contrario
1439 1614 1767 1667 temperatu-

119 1684 241 1716 ram
267 1667 404 1715 aeris
428 1677 481 1714 et
503 1677 656 1714 terrae
677 1683 847 1746 prope
872 1668 1325 1717 Promontorium
1353 1674 1771 1735 septentrionale

117 1736 243 1784 vel
230 1752 290 1783 111
313 1736 531 1799 regione
554 1737 828 1784 maritima
852 1736 1142 1813 Lapponiae
1170 1754 1327 1803 comp
1321 1750 1572 1797 ·‚arantes
1607 1741 1771 1805 longe

119 1804 282 1851 aliam
324 1805 626 1867 reperimus
674 1820 790 1867 pro]
816 1820 873 1852 οι
882 1816 1092 1853 tionem
1138 1822 1300 1869 quam
1344 1808 1406 1854 ad
1448 1808 1768 1856 Enontekis.

117 1873 509 1921 Meritissimus
567 1871 633 1919 de
686 1874 1008 1936 geographia
1055 1874 1346 1938 Lapponiae
1392 1874 1485 1922 ille
1529 1872 1772 1923 Hellanc

119 1950 545 2005 temperaturam
575 1950 875 2004 puteorum
909 1942 966 1987 in
995 1940 1194 1989 Vadsoa
1228 1942 1564 2002 observavit,
1623 1961 1768 1992 eam-

117 2025 222 2074 que
246 2009 443 2073 reperit
466 2009 514 2054 d.
538 2018 587 2068 5.
616 2009 852 2073 Augusti
897 2012 945 2058 -Ι-
990 2019 1082 2069 25
1136 2020 1188 2056 et
1222 2026 1415 2059 mense
1453 2007 1768 2060 Decembris

121 2080 180 2132 -1-
221 2090 332 2124 2.o.
425 2075 695 2140 Equidem
759 2076 1198 2125 observationem
1251 2080 1609 2140 posteriorem
1671 2096 1768 2145 pro

95 2146 345 2196 .certiore
394 2144 648 2204 lubenter
691 2147 1014 2208 acceperim,
1073 2156 1262 2209 utpote
1311 2146 1506 2194 factam
1562 2150 1617 2195 in
1673 2149 1769 2197 illo

117 2224 365 2278 tempore
411 2215 571 2271 anni,
621 2228 728 2276 quo
760 2223 1117 2277 temperatura
1144 2224 1294 2262 terrae
1317 2218 1505 2262 minus
1538 2216 1767 2280 profun-

121 2282 467 2330 daemedium
491 2297 700 2329 servare
724 2280 886 2337 solet3
915 2291 967 2328 et
988 2283 1058 2328 ita
1087 2292 1509 2347 temperaturam
1534 2284 1595 2330 ad
1612 2286 1770 2333 Vads-

120 2354 246 2399 fiam
287 2351 346 2397 in
382 2350 560 2397 limite
593 2348 802 2397 Betulae
836 2350 997 2396 sitam
1031 2361 1249 2397 tantum
1281 2352 1363 2399 00.
1376 2353 1409 2398 6
1457 2353 1772 2401 calidiore1u

119 2419 411 2468 habuerim
458 2433 623 2482 quam
670 2418 734 2464 in
780 2417 978 2465 eodem
1019 2417 1197 2475 limite
1240 2435 1397 2484 supra
1444 2421 1625 2486 alpem
1678 2422 1770 2468 Gi-

120 2498 333 2535 vorten.
408 2485 554 2533 Cum
576 2501 704 2534 vero
731 2486 869 2534 hanc
901 2487 1339 2535 observationem
1367 2504 1494 2536 cum
1522 2489 1772 2537 observa-

122 2556 367 2603 tionibus
414 2565 792 2618 temperaturae
841 2556 976 2602 aeris
1021 2555 1084 2601 ad
1140 2555 1260 2603 Pro
1251 2560 1599 2605 montorium
1651 2573 1770 2622 sep-

121 2623 451 2671 tentrionale
472 2638 873 2687 comparamus,
904 2625 1145 2670 nascitur
1169 2634 1389 2673 tantum
1410 2639 1573 2689 parva
1598 2626 1770 2673 diver-

120 2694 242 2740 sitas
267 2693 410 2739 inter
434 2692 756 2755 temperiem
782 2693 913 2739 ae'ris
942 2702 993 2739 et
1019 2703 1172 2740 terrae
1199 2694 1256 2740 in
1293 2695 1585 2742 maritimis
1618 2695 1770 2752 locis,

119 2770 310 2825 utpote
344 2773 465 2824 quae
500 2761 590 2806 vix
621 2774 737 2806 uno
775 2761 944 2824 gradu
980 2771 1403 2824 temperaturam
1445 2764 1578 2810 aeris
1611 2778 1770 2826 supe-

121 2840 217 2876 ret.
314 2829 498 2892 ltaque
532 2828 648 2875 haec
680 2830 865 2875 omnia
906 2830 1273 2892 experimenta
1316 2841 1769 2888 commonstrant,

122 2911 289 2961 quam
321 2894 461 2944 bene
497 2906 856 2962 temperatura
890 2907 1044 2944 terrae
1080 2899 1403 2977 respondeat
1444 2900 1772 2964 vegetationi

122 2976 177 3014 et
199 2963 430 3013 Facultati
452 2964 789 3043 productivae
815 2964 968 3012 clima
979 2967 1062 3023 tis,
1086 2966 1281 3030 idque
1267 2983 1326 3014 in
1352 2967 1482 3016 locis
1509 2967 1606 3014 ubi
1633 2978 1771 3015 tem-

68 3059 72 3062 ·
122 3043 368 3097 peratura
412 3033 592 3081 media
641 3035 776 3082 aeris
815 3033 1182 3081 dissimillima
1222 3046 1302 3082 est
1335 3036 1665 3102 vegetationi
1720 3047 1773 3082 et

124 3101 278 3152 clima
341 3100 486 3163 justo
561 3102 789 3179 rigidius
855 3102 1076 3150 indicat.
1226 3103 1345 3151 Hoc
1410 3105 1636 3169 quidem
1698 3103 1771 3149 ita

124 3170 536 3234 explicaverim,
583 3171 805 3229 nivem,
852 3185 974 3237 quae
1007 3186 1102 3235 per
1123 3171 1189 3232 72}
1217 3187 1433 3220 menses
1465 3182 1660 3219 terram
1694 3182 1768 3219 te·

123 3238 230 3303 git,
265 3238 531 3302 impedire
552 3239 856 3302 quominus
866 3230 1063 3304 frigus
1095 3239 1167 3302 hy
1171 3240 1345 3354 elmale
1375 3252 1572 3289 terram
1604 3255 1768 3303 pcne—
1797 3283 1801 3287 .

1247 3322 1280 3357 2
