2194 3893
393 201 504 251 155
887 165 891 167 ’
940 177 1485 232 POLYANDRIA.

520 314 743 365 markiae
774 313 978 374 lectus,
1024 310 1118 365 sed
1151 309 1215 360 de
1249 320 1443 360 caetero
1466 323 1761 377 nunquam
1791 321 1938 363 extra
1963 312 2038 363 al-

521 400 614 449 pes
640 383 882 429 altiores..

590 451 783 517 Figura
809 448 980 499 Florae
1011 448 1312 514 lappenicae
1341 443 1485 495 haud
1517 444 1662 495 bona
1693 459 1803 508 est,
1848 459 2041 515 utpote

455 536 634 585 neque
665 519 984 567 characteres
1017 533 1197 581 neque
1227 515 1481 564 habitum
1515 515 1714 579 plantae
1744 519 1843 566 rite
1864 518 2041 582 expri-

453 602 632 636 mens.
715 586 847 634 Haec
877 587 1058 651 planta
1092 600 1209 632 non
1246 593 1465 631 tantum
1496 598 1741 649 pygmaea
1771 585 1863 634 sed
1884 585 2042 634 valde

453 655 664 722 grac-ilis
686 664 795 712 est,
842 665 896 703 et
915 655 1036 703 sine
1056 653 1186 700 flore
1209 647 1587 720 Sascz'fragam
1615 650 1921 711 rivulat-em
1951 651 2043 700 ad-

454 723 693 772 modum
716 722 894 771 reFert.
964 721 1134 771 Radix
1157 721 1274 768 sine
1298 718 1465 766 dubio
1498 735 1678 767 annua
1699 731 1793 769 est.
1863 720 2045 769 Folio-

455 808 583 840 rum
614 791 808 855 petioli
844 791 1000 854 longi
1033 788 1251 854 graciles
1285 787 1493 835 caulem
1520 787 1824 836 HoriFerum
1845 789 2044 854 saepius

455 869 789 925 superantes.
868 858 1014 907 Folia
1046 859 1159 922 ipsa
1192 855 1523 920 profundius
1562 855 1736 904 divisa
1787 873 1952 922 quam
1983 857 2045 903 in

453 927 805 994 praecedente.
878 926 1149 990 Margines
1175 923 1580 972 membranacei
1599 923 1663 971 ad
1686 925 2046 973 insertionem

456 996 574 1044 folii
605 994 808 1043 caulini
831 993 1212 1041 evidentiores.
1284 990 1589 1039 Pedunculi
1610 1003 1734 1056 post
1756 991 2042 1041 florescen-

454 1065 593 1112 tiam
628 1061 783 1110 valde
815 1062 1173 1125 elongantur,
1212 1058 1304 1107 sed
1340 1058 1545 1107 Folium
1578 1060 1859 1108 caulinum
1885 1075 2046 1124 supra

456 1130 704 1180 radicalia
725 1130 818 1176 vix
840 1129 1095 1177 elevatur.
1168 1125 1332 1191 Calyx
1369 1127 1589 1191 quidem
1615 1124 1796 1192 glaber
1830 1128 1923 1179 sed
1950 1144 2045 1193 pe-

458 1198 732 1246 dunculus
765 1197 911 1246 Horis
940 1195 1290 1262 pubescentia
1326 1194 1442 1242 alba
1479 1196 1617 1255 (nec
1638 1193 1824 1257 fusca)
1846 1198 2046 1245 rectiu-

456 1266 603 1315 scula
623 1266 829 1331 passim
852 1275 1042 1313 tectus.
1113 1264 1286 1312 Totus
1309 1263 1405 1311 flos
1433 1262 1682 1325 ejusdem
1704 1263 1813 1312 Fere
1831 1266 2046 1330 magni-

457 1334 666 1383 tudinis
692 1343 744 1382 et
767 1333 954 1398 figurae
982 1348 1040 1380 ac
1062 1333 1121 1380 in
1147 1328 1214 1380 R.
1239 1330 1538 1380 scelerato.
1613 1331 1779 1396 Calyx
1800 1333 2047 1397 plerum-

457 1419 562 1469 que
586 1401 811 1451 reflexus
852 1401 1152 1462 elongatus.
1225 1399 1402 1466 Petala
1435 1400 1606 1463 calyce
1640 1399 1888 1449 breviora
1918 1399 2074 1448 sub-'

454 1469 709 1519 rotunda.
783 1468 1105 1534 Capitulum
1135 1466 1344 1515 fructus
1377 1467 1596 1531 longius
1630 1484 1796 1532 quam
1822 1470 1885 1516 in
1909 1483 2046 1533 prae-

458 1538 699 1587 cedente.
737 1536 958 1586 Semina
979 1533 1347 1594 subrotunda,
1385 1535 1524 1597 stylo
1560 1536 1690 1600 ipsis
1719 1536 1886 1601 duplo
1927 1536 2045 1584 bre-

455 1609 608 1655 viore
627 1605 838 1654 adunco
861 1613 1198 1652 mucronata.
1243 1627 1312 1636 —
1356 1604 1496 1650 Tam
1523 1587 1718 1651 multis
1750 1615 1803 1650 et
1823 1605 2049 1669 insigni-

455 1674 561 1723 bus
617 1672 1008 1722 characteribus
1064 1686 1183 1720 non
1235 1680 1416 1736 potest
1467 1685 1586 1719 non
1637 1685 1666 1719 a
1711 1671 2050 1736 praecedente

458 1742 734 1806 dlotingvi.

592 1807 931 1875 Explicacio
957 1806 1167 1855 iconis.-
1205 1822 1248 1854 a.
1286 1806 1470 1872 planta
1499 1806 1717 1856 florens.
1791 1803 1841 1855 d.
1865 1806 2049 1871 planta

458 1876 750 1927 fructifera.
821 1877 874 1925 b.
897 1877 1085 1939 calycis
1113 1875 1374 1924 foliolum
1412 1886 1464 1924 et
1502 1892 1542 1923 e.
1571 1875 1818 1941 petalum
1839 1891 2048 1940 separa,-

456 1958 582 1995 tum
599 1981 614 2005 ‚
651 1956 881 2010 utraque
908 1944 1074 2009 duplo
1101 1954 1268 1992 aucta.
1308 1959 1352 1992 e.
1392 1960 1584 1992 semen
1609 1943 1776 2009 duplo
1801 1954 2043 1992 auctum.

456 2015 495 2063 f.
516 2031 721 2068 semen
750 2013 1047 2061 dissectum
1069 2011 1370 2076 quadruplo
1407 2023 1647 2060 auctum.

387 2087 506 2146 ¹287.
551 2080 1040 2133 RANUNCULUS
1091 2078 1480 2147 hyperboreas
1492 2098 1516 2145 :p
1580 2079 1724 2128 foliis
1770 2078 2046 2144 profunde

593 2149 831 2200 trilobis:
879 2149 1019 2197 iobis
1047 2147 1478 2215 divergentibUS,
1527 2148 1675 2197 caule
1699 2147 1943 2197 filiformi
1962 2165 2047 2198 re·

500 2267 504 2271 ,
591 2229 784 2285 pente,
822 2216 1128 2266 seminibus
1150 2217 1367 2264 muticis
1390 2216 1639 2264 laevibus.

522 2286 588 2338 R.
623 2285 990 2353 hyper-boreus
1027 2281 1221 2333 Βοιώ.
1255 2283 1332 2351 pl.
1371 2281 1577 2333 island.
1616 2285 1677 2332 in
1708 2280 1846 2333 Acc.
1882 2279 2047 2352 hafn.

659 2357 721 2402 X.
757 2371 810 2419 p.
833 2359 954 2416 458.
994 2352 1097 2400 tab.
1126 2360 1175 2415 4.
1213 2353 1251 2400 f.
1284 2353 1360 2400 16.
1441 2350 1594 2401 Hor.
1621 2349 1759 2402 dan.
1797 2364 1833 2402 t.
1859 2363 1979 2417 55²·

521 2422 588 2472 R.
609 2420 918 2471 Anmianni
945 2417 1138 2468 Gumz.
1162 2437 1316 2468 nort).
1355 2437 1410 2469 n.
1438 2419 1556 2478 826.

521 2491 586 2540 R.
610 2491 753 2539 foliis
782 2488 1137 2538 subrotuudis
1161 2499 1257 2538 etc.
1334 2486 1525 2538 Gmel-
1547 2486 1700 2538 sibir.
1746 2496 1796 2552 4.
1843 2505 1897 2555 p.
1923 2495 2041 2552 204.

657 2575 713 2606 n.
737 2556 853 2619 856.
1549 2593 1554 2597 .

454 2625 590 2677 Hab.
615 2626 748 2674 locis
770 2625 981 2673 limosis
1005 2623 1128 2673 udis
1154 2626 1337 2690 apricis
1363 2641 1458 2691 per
1492 2636 1699 2690 partem
1731 2624 2043 2689 sylvaticam

524 2706 578 2743 et
608 2694 1026 2757 subsylvaticam
1060 2695 1358 2759 Lapponiae
1395 2695 1692 2742 Tornensis
1713 2693 1931 2758 =passim
1954 2707 2041 2739 co-

523 2765 703 2828 piose,
739 2762 1026 2811 Kemensis
1050 2765 1217 2810 rarius
1245 2777 1321 2811 ex.
1350 2777 1424 2826 gr.
1448 2763 1509 2809 ad
1536 2758 1952 2810 Hietasuvando.

592 2830 786 2899 Quoad
824 2829 1274 2895 magnitudinem
1310 2830 1648 2895 figuramque
1683 2829 1943 2877 foliorum
1987 2837 2041 2875 et

454 2899 658 2948 florurn
674 2897 1000 2963 praecedenti
1023 2898 1212 2947 similis
1241 2908 1338 2956 est,
1367 2914 1433 2945 an
1457 2909 1643 2946 autem
1667 2896 1731 2944 de
1752 2905 1939 2943 caetero
1963 2894 2039 2941 af-

452 2966 574 3016 finis
597 2966 752 3015 valde
778 2965 997 3028 dubit03
1031 2981 1209 3030 neque
1230 2967 1338 3015 scio
1373 2968 1458 3014 cui
1485 2976 1797 3014 nostrarum
1828 2956 2039 3010 affinior

455 3038 540 3083 sit.
610 3035 746 3082 Tota
766 3034 950 3100 planta
981 3032 1284 3082 admodum
1317 3034 1502 3082 mollis
1538 3044 1590 3081 et
1620 3031 1815 3079 tenuis.
1900 3027 2040 3076 Cau-

453 3100 518 3150 lis
543 3103 778 3150 o‘mnino
807 3103 945 3167 repit
979 3100 1122 3149 haud
1156 3117 1284 3150 vero
1318 3102 1390 3149 ita
1422 3111 1593 3165 reptat
1627 3115 1685 3146 ac
1720 3099 1781 3144 in
1809 3092 1871 3144 R.
1905 3112 2039 3161 rep-

455 3181 635 3217 tante.
707 3169 855 3217 Folia
879 3169 983 3218 late
1004 3169 1335 3234 spathulata‚
1385 3166 1657 3234 profunde
1690 3164 1910 3221 triloba3
1954 3166 2039 3213 lo.

454 3234 534 3287 bis
555 3238 884 3305 plerumque
903 3236 1311 3303 &vergentibus
1332 3246 1386 3288 et
1408 3237 1525 3287 sine
1546 3234 1669 3283 ullis
1693 3233 1867 3286 crenis
1905 3229 2034 3284 late-
