2194 3893
336 261 480 299 LXVI
829 236 1423 316 INTRODUCTIO.

339 392 526 443 posse,
572 374 663 422 vel
694 373 754 420 in
785 372 987 421 Pinetis
1022 374 1222 422 nostris
1265 373 1534 423 observari
1554 385 1748 442 potest.
1817 375 1978 424 Plan-

337 459 409 494 tae
436 443 833 509 spongiosiores
861 454 913 489 et
935 444 1149 506 organis
1177 440 1476 503 majoribus
1503 454 1851 502 constructae,
1884 460 1980 508 per

337 513 674 578 Lapponiam
705 510 834 557 locis
862 511 1081 557 occultis
1108 520 1326 556 tantum
1348 524 1668 572 occurrunt,
1703 513 1792 561 vel
1815 513 1980 560 etiam

338 583 398 628 in
422 596 554 644 aqua
577 580 777 636 nivali,
811 577 906 625 ubi
930 578 1082 625 brevi
1105 577 1408 625 admodum
1436 590 1678 646 tempore
1709 590 1978 645 vegetant.

337 649 533 697 Multae
564 659 745 693 tamen
768 646 966 710 plantae
981 646 1209 710 nivales,
1237 662 1565 711 quamquam
1582 651 1705 697 satis
1722 662 1980 706 carnosae,

335 717 727 765 minutissimis
764 715 975 779 organis
1002 713 1152 761 factae
1178 725 1306 760 sunt
1338 731 1415 762 ex.
1443 731 1518 779 gr.
1546 711 1865 784 Saxifrczga
1880 731 1979 780 op-

335 780 678 851 posicisblz'cz.
751 782 931 829 Nullae
956 796 1082 829 vero
1107 781 1308 845 plantae
1329 783 1387 829 in
1423 794 1535 831 toto
1570 801 1736 849 regno
1771 794 1982 848 vegeta-

340 855 436 901 biti
476 851 896 916 compactiorem
930 860 982 896 et
1016 851 1382 897 minutiorem
1414 851 1670 900 fabricam
1703 851 1903 900 habent
1925 866 1983 898 ac

334 922 626 973 Lichenes;
665 919 845 982 itaque
867 933 1160 965 summum
1199 917 1367 983 frigus
1402 921 1704 979 sustinent,
1748 922 1806 967 in
1840 929 1980 967 tem-

334 999 580 1055 peratura
620 986 727 1033 fere
765 986 937 1031 nivali
972 996 1226 1049 vegetant
1260 996 1311 1033 et
1345 986 1603 1034 ultimam
1633 999 1830 1035 terram
1852 989 1982 1035 nive

333 1059 427 1105 vix
449 1055 777 1104 denudatam
792 1065 1072 1118 occupant.
1110 1054 1318 1101 Eorum
1332 1057 1788 1119 autemvegetatio
1820 1054 1983 1118 long-

334 1140 447 1175 aeva
478 1134 530 1171 et
563 1123 739 1181 tarda,
798 1121 861 1169 ad
888 1123 1135 1170 materias
1170 1124 1408 1171 maxime
1443 1126 1743 1172 nutrientes
1775 1122 1980 1188 produ-

334 1193 527 1241 cendas
563 1192 842 1255 aptissima
878 1200 984 1249 est,
1032 1205 1153 1255 quae
1189 1193 1430 1242 materias
1454 1207 1549 1256 per
1574 1193 1761 1239 omnia
1790 1203 1986 1239 eorum

334 1277 530 1326 organa
560 1275 713 1323 aeque
743 1258 1049 1306 distributae
1081 1269 1226 1306 sunt.
1300 1259 1383 1307 Sic
1402 1260 1658 1308 Lichenes
1683 1259 1985 1306 umbilicati

334 1346 412 1376 ex.
440 1345 516 1393 gr.
546 1325 891 1392 Gyromz'zmz
917 1323 1335 1392 cylindricum,
1372 1324 1831 1392 proboscideum,
1873 1323 1983 1392 lzy-

327 1396 693 1462 per-boream,
712 1396 907 1460 aliique
923 1396 1182 1443 Lichenes
1198 1396 1407 1444 foliacei
1421 1413 1470 1443 v.
1487 1411 1560 1461 gr.
1577 1392 1796 1443 Liclzelz
1808 1393 1982 1442 islan-

334 1461 517 1516 dicas,
549 1462 799 1523 exemplo
826 1473 964 1511 certe
985 1465 1130 1511 inter
1142 1465 1348 1529 plantas
1363 1464 1702 1529 perfectiores
1717 1463 1985 1519 inaudito,

330 1533 439 1589 toti¹
460 1529 611 1595 quasi
637 1526 816 1590 amylo
842 1532 1237 1590 mucilaginono
1262 1549 1426 1588 quam
1447 1533 1686 1580 maxime
1708 1533 1988 1580 nutriente

330 1599 547 1649 conflati
575 1607 720 1645 sunt.
793 1595 908 1658 Ipsa
933 1594 1101 1658 igitur
1137 1593 1406 1641 subtilitas
1437 1607 1797 1658 organorum,
1847 1595 1982 1641 sim-

329 1669 536 1735 plicitas
585 1665 754 1712 totius
789 1661 1104 1727 vegetabilis
1136 1673 1187 1710 et
1213 1665 1325 1724 ipsa
1364 1661 1578 1708 tarditas
1628 1663 1982 1726 vegetationis

330 1734 647 1792 conferunt,
703 1729 768 1779 ad
802 1732 1088 1791 materiam
1126 1729 1533 1777 nobilissimam
1569 1738 1621 1776 et
1656 1729 1986 1777 animalibus

329 1806 569 1853 maxime
593 1802 942 1849 necessariam
966 1797 1376 1863 producendam
1401 1799 1459 1844 in
1484 1798 1601 1860 ipso
1626 1799 1864 1845 termino
1889 1812 1982 1845 ve-

332 1871 650 1938 getationi33
690 1879 742 1916 et
763 1871 837 1916 sic
862 1878 1085 1925 natura,
1124 1867 1369 1928 consiliis,
1387 1865 1545 1923 ferax,
1582 1867 1986 1933 vegetationem

330 1952 505 1989 totam
531 1941 592 1988 in
612 1937 880 1988 nucleum
902 1936 1108 2002 redegit
1128 1938 1188 1984 in
1214 1935 1410 1984 ultima
1433 1929 1592 1984 terra!
