2194 3893
656 222 1126 296 TmAN'DfflA.
1643 265 1711 312 27

30 385 158 440 ·43‹
191 373 501 429 ARUNDO
527 377 866 445 lappom'ca:
912 376 1165 439 panicula
1199 382 1406 439 stritzta,
1460 381 1720 445 calycibus

272 447 653 506 acutiusculis‚
700 446 858 496 arista
894 442 1092 492 dorsali
1138 449 1440 511 geniculata
1486 450 1721 516 pilisque

267 516 523 563 corollam
554 524 817 585 aequante.

205 579 347 629 Icon
375 584 570 632 tabulae
594 593 795 632 nostrae
830 581 870 633 1.

136 661 273 713 Hah.
313 664 370 710 in
397 665 624 716 collibus
652 663 934 727 etcampis
966 663 1281 712 siccioribus
1318 667 1504 730 apricis
1537 668 1722 730 praeci·

202 747 311 796 pue
335 733 459 796 igne
492 750 669 798 nuper
704 731 984 781 devastatis
1015 748 1109 797 per
1130 744 1340 797 partem
1379 735 1726 799 subalpinam

204 810 260 847 et
303 801 723 863 subsylvaticam
760 802 1025 848 omnium
1059 802 1464 865 Lapponiarum
1499 805 1724 850 svecica-

204 884 334 915 rum
367 869 567 935 ubique
605 871 941 934 frequenter3
989 870 1153 916 etiam
1190 870 1248 917 in
1272 869 1413 932 *locis
1449 870 1725 935 inseralpi-

202 938 292 984 nis
318 936 641 989 Finmarkiae
666 953 838 1003 usque
858 936 923 987 ad
944 937 1197 985 Svarholt
1218 940 1499 1003 reperitur.

241 1017 444 1080 'Hujus
495 1021 771 1084 specimen
816 1017 881 1067 ad
930 1019 1027 1070 cel.
1075 1018 1336 1068 Schrader
1375 1022 1532 1079 misi,
1583 1020 1729 1084 quod

137 1101 234 1150 pro
293 1102 451 1136 novae
494 1089 690 1153 speciei
731 1098 784 1136 et
835 1087 901 1138 ah
960 1088 1346 1143 Arundinibus
1403 1092 1727 1156 germanicis

137 1154 405 1205 distinctae
427 1158 668 1221 agnovit„

114 1281 119 1287 .
273 1235 590 1296 Serotinum
611 1249 691 1287 est
725 1255 824 1287 nec
853 1248 977 1292 ante
1008 1254 1264 1287 mensem
1306 1237 1545 1304 Augusti
1578 1238 1731 1286 floret

138 1305 427 1368 spectabile
461 1307 622 1359 hocce
694 1323 917 1365 tamen,
985 1307 1130 1372 quod
1166 1318 1364 1355 statura
1409 1324 1503 1355 sua
1552 1309 1730 1354 stricta

138 1373 243 1421 alta
278 1386 434 1433 atoue
470 1323 740 1440 paniculis.
783 1375 963 1424 densis
998 1376 1472 1424 caerulescentibus
1509 1391 1727 1439 campos

137 1442 342 1491 steriles
371 1443 673 1491 admodum
701 1445 950 1509 insignia,
1018 1444 1166 1492 Folia
1206 1444 1491 1492 stolonum
1530 1447 1598 1490 ita
1637 1460 1730 1489 an-

138 1512 450 1575 gustissima
475 1523 536 1559 ut
561 1512 667 1560 Fere
690 1512 996 1569 filiforniia3
1030 1513 1241 1563 caulina
1266 1529 1483 1577 quoque
1505 1523 1731 1575 angusta

137 1579 477 1644 marginibus
515 1582 572 1628 in
613 1582 746 1634 sicco,
778 1581 1039 1636 nonnihil
1075 1581 1406 1631 convolutis.
1501 1579 1732 1628 Culmus

137 1649 335 1711 saepius
369 1648 670 1713 tripedalis,
718 1650 937 1697 strictus
983 1649 1199 1698 firmus.
1291 1649 1546 1697 Panicula
1594 1648 1734 1694 ultra

137 1716 424 1780 palmaris,
449 1716 679 1777 'stricta;
727 1718 867 1765 rami
887 1718 1250 1776 breviusculi,
1280 1718 1429 1767 unde
1464 1716 1730 1783 quodam-

136 1783 307 1831 modo
356 1785 757 1849 conglomerata
799 1796 852 1833 et
893 1798 1169 1851 corrugata
1216 1782 1449 1850 apparet.
1553 1785 1732 1833 Flores

105 1908 110 1911 .
138 1850 373 1914 majore-s
397 1869 563 1916 quam
586 1855 643 1900 in
678 1855 879 1902 caeteris
918 1854 1030 1901 scil.
1068 1855 1135 1901 ob
1173 1855 1525 1902 latitudinem
1558 1852 1732 1914 majo-

140 1936 260 1968 rem
290 1921 377 1969 vel
418 1921 717 1968 crassitiem
755 1923 1145 1985 insigniorem,
1204 1924 1526 1973 acutiusculi
1572 1933 1632 1968 ut
1673 1923 1733 1966 in

138 1989 390 2052 sequenti
424 2005 524 2036 nec
568 1990 864 2037 acuminati
910 2001 971 2037 ut
1011 1992 1072 2038 in
1112 1987 1192 2038 A.
1246 1984 1734 2058 calamagroscide

138 2066 235 2106 etc.
308 2056 550 2104 Valvulae
575 2057 763 2119 calycis
789 2057 936 2105 binae
963 2060 1280 2107 uninerves.
1357 2059 1592 2108 Corollae
1622 2057 1733 2103 val-

139 2124 270 2173 vula
292 2126 522 2172 exterior
545 2125 719 2190 calyce
739 2127 831 2173 vix
850 2126 1086 2186 brevior,
1116 2130 1487 2191 quadrinervis
1513 2127 1737 2193 quidem

142 2192 235 2242 sed
259 2195 440 2241 nervis
464 2193 819 2257 pertenuibus
842 2194 904 2258 acl
930 2197 1138 2259 apicem
1175 2199 1264 2243 vix
1293 2195 1734 2261 pertingentibus

142 2262 322 2309 multo
364 2262 552 2308 minus
598 2263 659 2308 in
707 2263 940 2325 apiculas
973 2275 1194 2310 serratas
1233 2259 1640 2312 excurrentibus
1678 2273 1739 2309 ut

144 2332 203 2377 in
228 2329 295 2376 A.
319 2331 475 2387 varia.
547 2329 727 2377 Arista
752 2330 974 2378 dorsalis
997 2332 1091 2378 vix
1114 2331 1466 2396 longitudine
1501 2334 1735 2383 coroliae.

139 2398 247 2447 Pili
269 2396 614 2462 longitudine
636 2398 851 2446 corollae
875 2399 960 2446 vel
985 2399 1157 2462 calyce
1180 2404 1272 2447 vix
1292 2401 1584 2448 breviores.
1621 2433 1625 2437 -
1654 2398 1735 2447 Ob

143 2467 554 2531 longitudinem
579 2466 793 2514 corollae
818 2474 871 2514 et
893 2467 1139 2531 pilorum
1166 2468 1263 2518 flos
1289 2472 1415 2516 satis
1455 2470 1650 2534 plenus
1689 2480 1741 2516 et

145 2534 392 2600 turgidus
426 2544 654 2598 apparet.
739 2533 901 2582 Color
933 2537 992 2582 in
1022 2535 1333 2596 junioribus
1368 2540 1739 2595 caerulescem,

148 2603 275 2654 dein
301 2604 471 2650 dilute
493 2618 907 2667 purpurascen8.,
975 2604 1063 2651 Ad
1086 2600 1168 2659 Α,
1186 2606 1407 2654 variam
1430 2603 1741 2654 Sclzraderz'

149 2674 220 2724 ita
246 2671 445 2723 accedit
467 2682 529 2718 ut
552 2670 852 2719 differ-:ntia
874 2670 1041 2733 hujus
1064 2689 1335 2737 exponere
1360 2675 1639 2724 debemus.

285 2750 366 2805 A.
395 2754 614 2800 Variam
643 2749 948 2801 Schrader.
973 2755 1033 2802 in
1049 2755 1362 2804 Gottlandia
1385 2759 1561 2821 reperi
1583 2769 1635 2804 et
1649 2774 1740 2804 va-

129 2823 397 2873 rietatem
417 2821 722 2886 Agrostidis
745 2822 1122 2870 arun-slinaceae
1142 2824 1253 2871 dixi
1277 2827 1335 2878 in
1365 2826 1607 2882 Florula3
1649 2843 1740 2872 cu-

149 2892 237 2954 jus
271 2891 520 2956 panicula
556 2890 717 2954 longa
747 2891 1078 2955 neutiquam
1110 2895 1318 2951 stricta,
1366 2893 1523 2945 flores
1563 2894 1741 2941 'multo

152 2960 524 3026 angustiores,
560 2958 757 3006 corolla
790 2969 844 3009 et
874 2958 995 3009 lana
1032 2960 1334 3020 breviores,
1382 2963 1536 3031 arista
1573 2960 1748 3025 ca‘lyce

153 3028 262 3078 fere
293 3028 545 3092 longior,
591 3037 644 3079 et
673 3027 890 3074 corollae
918 3030 1074 3080 nervi
1109 3040 1341 3095 quatuor
1360 3030 1527 3078 validi
1549 3032 1608 3079 in
1633 3032 1746 3097 api-

102 3093 109 3103 '
153 3097 294 3149 culas
319 3106 538 3144 serratas
566 3107 843 3150 exeuntes.
1133 3096 1140 3099 ’

282 3173 626 3245 Explicatio
654 3178 854 3227 iconis:
890 3179 1205 3228 a.Panicula
1217 3191 1527 3247 magmnat.
1552 3180 1745 3229 b.flos-

158 3247 312 3301 culus
345 3256 493 3303 ,totus
525 3256 633 3308 fites
672 3258 878 3294 auctus.
949 3263 992 3297 c.
1037 3248 1274 3302 valvulae
1305 3250 1586 3299 corollinae
1616 3264 1747 3298 cum
1792 3259 1798 3268 ·

158 3315 281 3365 lana
301 3313 488 3383 paullo
510 3316 681 3382 magis
705 3326 890 3365 auctae.
1688 3327 1692 3332 ·

1102 3472 1122 3479 μ,
