2194 3893
384 225 418 273 6
989 222 1415 280 DIANDRIA.

583 353 719 424 Quae
744 369 930 403 versus
953 355 1094 419 alpes
1117 358 1304 405 crescit
1331 359 1569 423 asperior
1593 372 1673 409 est
1700 379 1869 427 quam
1908 363 2034 412 vul·

451 424 609 489 garis,
630 435 681 478 et
703 422 768 470 ad
790 422 846 468 V.
874 423 1219 472 humifusam
1244 426 1427 483 Dicks.⁸
1451 429 1693 477 accedere
1712 433 1941 481 videtur.

586 491 811 556 Capsula
832 491 1121 554 insigniter
1149 493 1365 556 didyma
1388 495 1475 542 vel
1498 498 1649 559 quasi
1677 514 1740 544 ex
1776 500 2033 548 orbiculis

452 556 669 606 duobus
706 559 1050 606 circularibus
1091 564 1386 624 composita
1422 573 1485 609 ut
1506 566 1566 609 in
1587 563 1896 625 Biscutella3
1936 584 2036 616 nec

453 625 610 674 datur
632 627 729 673 alia
753 627 1008 674 Veronica
1031 629 1089 675 in
1117 644 1219 692 qua
1257 639 1367 676 tam
1408 630 1585 678 brevis
1619 643 1672 679 et
1692 633 1793 681 lata
1817 646 1914 694 est,
1952 652 2033 683 ca-

449 693 580 756 lycis
613 695 822 742 laciniis
857 696 946 740 vix
984 696 1216 760 longior.
1289 697 1690 753 Inssorescentia
1714 703 2039 767 subspicata,

450 763 764 810 multiflora.
803 762 1059 810 Pedicelli
1083 763 1288 812 fructus
1313 765 1584 814 breviores
1610 784 1770 831 quam
1799 770 2033 818 bracteae.

448 830 597 877 folia
619 831 895 894 superiora
921 830 1028 880 Fere
1053 834 1402 898 integerrima
1425 836 1665 893 minora3
1703 837 1890 886 infima
1915 838 2036 887 bre·

448 898 588 944 viter
609 899 879 962 petiolata.

382 975 429 1025 7.
469 965 830 1013 VERONJCA
865 966 1158 1015 saxatilis.-
1229 969 1486 1033 corymbo
1530 971 1806 1020 terminali
1852 973 2033 1038 pauci-

578 1033 710 1081 floro
727 1067 742 1092 ‚
783 1034 926 1082 foliis
954 1037 1181 1084 caulinis
1207 1038 1480 1102 oblongo·
1496 1038 1741 1087 obovatis
1765 1041 2033 1108 subserra-

579 1104 646 1148 tis
667 1133 681 1158 ‚
729 1102 1054 1165 pedunculis
1086 1104 1313 1153 bracteas
1347 1107 1759 1171 superantibus,
1804 1109 2032 1175 capsulis

581 1169 827 1233 oblongis
854 1173 1072 1234 integris
1099 1174 1271 1235 calyce
1294 1173 1612 1236 majoribus.

512 1235 572 1284 V.
591 1238 818 1284 saxatilis
842 1235 1011 1286 Lz'm'z.
1034 1240 1219 1307 suppl.
1246 1244 1297 1306 p.
1315 1247 1397 1304 85.
1437 1239 1638 1291 sz'clz.
1654 1240 1782 1292 bric.
1810 1261 1853 1291 1.
1878 1260 1932 1308 p.
1952 1255 2030 1303 17.

656 1302 810 1352 Valzl
844 1322 1030 1355 enum.
1088 1326 1129 1357 1.
1179 1326 1230 1374 p.
1261 1307 1343 1372 65.
1440 1308 1707 1360 W'z'llden.
1761 1318 1846 1360 en.
1881 1310 2028 1359 lzorc.

647 1371 760 1422 ber.
799 1390 850 1438 p.
879 1388 961 1422 20.

509 1439 569 1488 V.
595 1440 913 1490 fruticulosa
940 1439 1164 1509 Oedst.
1196 1441 1330 1494 dan.
1372 1456 1407 1493 t.
1432 1453 1548 1508 542.
1602 1443 1804 1514 Zoega
1824 1442 2029 1496 island.

645 1506 854 1558 Krocls.
885 1510 1032 1560 siles.
1078 1531 1120 1561 1.
1157 1531 1209 1579 p.
1241 1512 1322 1562 26.

509 1576 566 1623 V.
597 1577 774 1642 alpina
801 1578 1124 1638 frutescen83
1163 1585 1221 1629 in
1257 1582 1467 1647 alpibus
1494 1583 1807 1632 Helveticis.
1875 1579 2029 1631 Bur-

643 1647 757 1692 seri
781 1644 934 1695 herb.
973 1649 1102 1696 XIV.
1141 1667 1196 1697 n.
1224 1649 1305 1697 26.
1467 1674 1481 1677 ’-

441 1710 575 1759 Hab.
600 1712 731 1761 locis
759 1717 986 1777 petrosis
1012 1718 1201 1780 apricis
1237 1720 1296 1765 in
1334 1719 1591 1766 lateribus
1623 1719 1906 1767 montium
1940 1720 2027 1766 in-

510 1781 899 1846 t'eralpinarum
919 1781 1067 1843 juxta
1097 1790 1246 1833 mare
1270 1786 1623 1833 Nordlandiae
1656 1788 1881 1851 passim3
1928 1787 2028 1834 ubi

508 1863 630 1895 eam
666 1849 772 1913 legi
805 1850 859 1904 afss
883 1849 1292 1900 Sorfoldbotten
1319 1865 1371 1901 et
1393 1853 1692 1916 Torrfjord.
1763 1853 1834 1901 Ut
1863 1856 2028 1903 etiam

508 1916 566 1962 in
591 1916 752 1963 latere
780 1917 1023 1981 lapidoso
1049 1920 1180 1984 alpis
1208 1921 1380 1968 Kask-
1399 1920 1519 1983 ajvo
1552 1921 1702 1984 juxta
1737 1921 2027 1990 Quickjock

506 1999 665 2047 supra
691 1987 996 2033 terminum
1019 1986 1229 2036 Betulae
1255 1991 1442 2036 rarius.
1696 2038 1705 2041 -

566 2052 757 2116 Figura
781 2054 950 2101 Florae
976 2054 1096 2102 dan.
1121 2067 1368 2108 nostram
1390 2058 1637 2122 plantam
1658 2057 1856 2113 melius
1880 2057 2023 2105 exhi-

437 2119 526 2167 bet
550 2137 717 2184 quam
740 2122 896 2186 Engl.
921 2122 1033 2170 bot.
1062 2134 1137 2187 15.
1177 2135 1213 2171 t.
1246 2139 1391 2184 1027.
1409 2159 1425 2184 ‚
1474 2126 1600 2189 quia
1624 2127 1683 2172 in
1709 2126 1804 2173 hac
1823 2127 2024 2173 surculi

434 2190 711 2237 nonsatis
749 2191 1045 2254 caespitosi‚
1093 2193 1268 2240 caules
1304 2195 1553 2240 nimium
1584 2194 1746 2258 pilosi
1766 2204 1817 2241 et
1843 2195 2021 2253 crassi,

390 2274 396 2281 ’
436 2256 564 2302 tolia
600 2255 747 2317 justo
784 2257 972 2306 latiora
1014 2271 1066 2307 et
1100 2260 1357 2326 grandius
1389 2273 1614 2322 serrata,
1677 2261 1830 2310 flores
1863 2261 2024 2326 longe

435 2325 720 2372 saturatius
752 2325 986 2373 caerulei.
1552 2357 1558 2362 ·
1791 2388 1797 2392 ,

559 2390 732 2438 Radix
757 2409 784 2439 e
809 2393 1026 2441 caudice
1050 2393 1411 2445 descendente
1435 2396 1638 2446 -fibroso
1675 2397 1875 2445 emittit
1910 2406 2021 2444 sto-

431 2457 584 2505 lones
608 2459 818 2507 multos
846 2461 1092 2526 undique
1115 2475 1487 2529 prorepentes,
1514 2467 1661 2513 varie
1681 2466 1942 2531 flexuosos
1968 2474 2019 2513 et

430 2541 702 2584 ramosos;
751 2544 992 2592 quorum
1019 2532 1190 2594 apices
1215 2531 1397 2581 foliosi
1435 2533 1676 2581 evadunt
1701 2544 1753 2582 et
1773 2533 2017 2596 undique

428 2595 836 2657 procumbunt,
896 2609 1204 2661 perennant
1235 2610 1288 2647 et
1317 2601 1532 2664 praediti
1569 2612 1700 2649 sunt
1734 2600 1873 2650 foliis
1897 2616 2016 2664 par-

425 2661 508 2708 vis
531 2661 760 2727 Serpylli
785 2665 1170 2728 magnitudine
1194 2678 1247 2714 et
1271 2668 1466 2733 figura,
1503 2669 1728 2728 multis,
1769 2670 2014 2733 approxi-

425 2731 585 2777 matis
601 2764 617 2789 ,
642 2732 893 2779 secundis
920 2733 1008 2781 vel
1031 2750 1271 2782 sursum.
1287 2737 1453 2784 versis
1469 2771 1486 2796 ‚
1506 2737 1848 2803 perennibus
1864 2769 1880 2794 ,
1919 2736 2015 2783 ob-

425 2796 632 2862 longis,
671 2799 784 2847 basi
807 2803 1129 2861 attenuati-s,
1167 2818 1384 2868 semper
1407 2805 1767 2853 crassiusculis
1805 2813 1857 2851 et
1887 2804 2013 2850 sub-

425 2867 671 2916 coriaceis
688 2900 704 2926 ‚
741 2867 1070 2933 plerumque
1093 2870 1286 2922 subtus
1320 2889 1563 2921 unacum
1586 2873 1733 2923 caule
1756 2871 2014 2919 rubicun-

425 2932 534 2992 dis,
581 2935 964 3000 integerrimis.
1047 2939 1415 2988 Exsiccatione
1463 2943 1557 2988 vix
1604 2940 1850 2990 tenuiora
1891 2955 2011 2987 eva-

425 3000 564 3048 dunt
586 3001 718 3050 folia
741 3019 906 3067 quam
942 3004 1080 3053 duni
1118 3010 1352 3056 recentia
1390 3008 1647 3067 fuerunt,
1683 3009 1882 3071 vixque
1906 3023 2012 3054 un-

423 3072 588 3132 quam
608 3071 946 3135 nigrescunt.
1020 3072 1209 3123 Caules
1250 3078 1506 3124 annotini
1534 3093 1598 3125 ex
1630 3074 1866 3142 apicibus
1886 3089 2007 3122 sur-

419 3136 670 3184 culorum
697 3138 1028 3188 foliosorum
1053 3156 1287 3208 surgunt
1308 3144 1573 3192 suberecti
1597 3139 1782 3198 laeves3
1804 3143 1861 3188 in
1887 3142 2005 3205 qui-

422 3204 523 3253 bus
564 3204 829 3254 foliorum
864 3211 1008 3271 paria
1039 3210 1203 3274 pauca
1235 3223 1469 3259 remota:
1508 3211 1655 3259 foliis
1674 3210 2006 3270 majusculis,

420 3272 625 3321 circiter
651 3274 809 3340 triplo
836 3275 1328 3343 majoribus‘quam
1351 3281 1410 3328 in
1434 3280 1696 3338 surculis,
1742 3277 2002 3342 oblongo·
