2194 3893
458 243 826 297 Prin-ua
881 257 1283 296 ARCTICAE.
1374 243 1381 247 ’
1633 260 1717 297 xv

0 373 428 450 T‘provenientes
465 389 518 426 et
551 378 880 443 temperiem
918 377 1260 425 continentis
1298 375 1363 423 ad
1391 391 1507 424 oras
1536 379 1714 425 orien-

42 452 172 500 tales
215 465 406 496 secum
460 447 720 502 ferentes;
770 445 1015 494 notabile
1056 444 1363 492 admodum
1399 457 1480 493 est
1513 458 1718 510 quanta

0 548 16 569 ι
43 522 114 569 sit
141 517 451 566 similitudo
484 518 629 564 inter
660 515 1113 562 Kamtschatkam
1153 523 1205 561 et
1239 514 1466 561 Terram
1504 531 1716 563 novam

42 585 600 649 (Newfuundland),
640 594 692 632 et
731 595 931 648 quanta
970 599 997 631 e
1038 583 1308 631 contrario
1346 583 1492 631 inter
1541 586 1716 648 regio-

42 671 178 706 nem
216 654 414 702 Portus
452 653 673 701 franciae
710 652 899 714 (Ports
935 651 1204 709 francois)
1245 652 1303 699 in
1338 666 1428 698 ora
1462 654 1718 702 occiden-

0 746 17 758 κ
40 725 136 773 tali
161 723 433 772 Americae
460 733 513 770 et
536 723 823 787 regionem
849 720 1114 769 Nidrosiae
1137 721 1194 767 in
1216 719 1502 786 Norvegia.
1680 772 1686 777 ¹

151 793 256 842 *Ex
283 792 492 839 diversa
518 791 616 838 hac
637 791 1013 855 progressione
1040 789 1352 854 plantarum
1390 790 1449 836 in
1484 791 1715 839 interio-

40 861 192 910 ribus
217 871 384 909 terrae
413 861 749 907 continentis
788 858 1028 922 partibus
1066 869 1119 906 et
1149 859 1211 905 in
1244 858 1564 922 regionibus
1590 875 1715 924 pro-

39 931 165 996 pius
190 928 255 976 ad
279 945 430 976 mare
456 930 571 975 sitis
590 962 605 987 ‚
644 943 842 992 magna
870 931 1112 975 nascitur
1150 922 1436 974 difficultas
1473 930 1531 975 in
1561 945 1716 976 com-

34 997 274 1064 paranda
309 997 587 1045 fertilitate
623 997 871 1044 absoluta
905 1008 958 1043 et
1004 998 1061 1043 in
1110 995 1438 1044 emetiendis
1480 996 1716 1045 climatis

37 1064 294 1134 gradibus
320 1081 416 1131 per
443 1076 605 1114 terras
630 1067 864 1112 aroticas.
924 1065 1067 1112 Sunt
1090 1074 1276 1112 tamen
1303 1065 1470 1112 etiam
1493 1065 1716 1129 plantae‚

37 1149 160 1200 quae
197 1134 356 1182 nullo
388 1145 632 1198 respectu
669 1134 901 1181 climatis
941 1133 1329 1181 continentalis
1370 1144 1423 1179 et
1447 1136 1720 1183 maritimi

36 1203 102 1252 ad
122 1203 394 1251 circulum
419 1205 681 1251 arcticum
709 1202 915 1267 ubique
939 1217 1094 1267 aeque
1117 1203 1476 1265 proveniunt.
1522 1203 1720 1252 Talem

7 1263 16 1271 ”
36 1288 152 1321 sese
176 1274 324 1320 sistit
341 1267 558 1319 Beculcz
580 1287 741 1319 nana
761 1282 814 1320 et
836 1287 900 1319 ex
922 1283 1070 1336 parte
1088 1285 1310 1335 quoque
1323 1266 1541 1318 Becula
1554 1269 1711 1326 alba,

0 1337 9 1341 ”
39 1336 379 1406 quamquam
393 1356 478 1388 eas
504 1341 723 1388 climate
738 1340 1022 1387 maritimo
1044 1339 1276 1403 paulum
1291 1341 1464 1402 magis
1482 1341 1718 1404 gaudere

38 1409 333 1458 credimus.
412 1410 476 1457 In
518 1408 998 1474 temperatioribus
1023 1408 1190 1456 Zonis
1230 1409 1438 1454 arcticis
1474 1409 1567 1454 vix
1602 1425 1719 1458 esse

35 1478 302 1527 videntur
322 1477 526 1543 plantae
563 1479 738 1543 magis
774 1488 913 1542 aptae
944 1476 1010 1524 ad
1044 1475 1454 1524 instituendam
1493 1493 1715 1544 compa-

35 1548 310 1596 rationem
345 1547 579 1595 climatis
624 1548 905 1595 variarum
945 1556 1008 1593 ut
1052 1544 1245 1591 dicunt
1287 1543 1717 1610 longitudinum

33 1617 525 1682 geographicarum
549 1632 718 1681 quam
743 1614 979 1663 Cerealia
1002 1623 1204 1661 nostra.
1265 1613 1396 1660 Haec
1414 1628 1571 1679 aeque
1592 1632 1715 1680 per·

33 1695 268 1743 manent
286 1686 345 1732 in
369 1684 564 1732 Scotiae
591 1696 642 1732 et
665 1684 954 1749 Norvegiae
977 1683 1193 1730 climate
1214 1683 1497 1729 maritimo
1532 1699 1590 1731 ac
1612 1685 1715 1731 sub

34 1753 244 1802 Sibiriae
265 1754 396 1802 coelo
422 1753 805 1811 continentali,
846 1767 1189 1817 quamquam
1209 1745 1520 1798 Hordeum
1543 1754 1604 1800 in
1630 1752 1713 1800 Si-

33 1822 171 1880 biria
198 1821 308 1871 Fere
329 1838 548 1886 semper
569 1832 813 1869 assumat
837 1821 1093 1867 habitum
1119 1818 1397 1884 quendam
1420 1823 1717 1870 continen-

33 1892 202 1939 talem
227 1892 285 1937 in
311 1891 685 1938 conservando
711 1889 896 1936 vivido
925 1889 1105 1936 colore
1129 1887 1193 1934 ad
1226 1903 1515 1936 summam
1538 1905 1715 1954 usque

33 1960 429 2008 maturitatem.
455 1955 519 2017 ἦ)
562 1958 791 2006 Cultura
814 1953 1024 2005 hordei
1045 1958 1104 2004 in
1132 1956 1442 2004 Finmarkia
1476 1959 1716 2007 succedit

33 2028 148 2076 fere
173 2027 240 2075 ad
265 2029 574 2076 terminu111
593 2027 736 2086 Pini,
759 2026 1287 2088 sedjamdudumssin
1307 2026 1581 2091 Lapponia
1608 2028 1713 2076 Ke-

32 2099 214 2145 mensi
228 2096 393 2161 longe
411 2113 476 2144 an
487 2107 535 2144 te
547 2096 759 2143 Pinum
774 2095 976 2143 desinit
990 2096 1073 2142 uti
1087 2095 1152 2141 ad
1164 2095 1714 2157 KyroEnarensium‚

34 2177 89 2214 et
111 2168 170 2213 in
184 2165 379 2214 Sibiria
402 2165 544 2212 ultra
571 2165 708 2212 duos
723 2164 919 2227 gradus
945 2164 1292 2212 antePinum
1316 2175 1486 2212 cessat
1508 2165 1621 2213 scil.
1648 2167 1714 2213 ad

30 2233 286 2283 Beresow
308 2245 361 2283 et
385 2235 632 2291 Jakutsk3
675 2233 822 2298 quod
839 2233 1088 2298 quidem,
1114 2234 1198 2280 uti
1212 2232 1357 2280 mihi
1372 2234 1609 2295 videtur,
1634 2234 1712 2283 ef-

32 2304 145 2352 ficit
167 2303 329 2351 clima
351 2303 744 2352 continentale.

167 2373 287 2437 Ipsa
326 2373 595 2437 vegetatio
631 2371 928 2437 Lapponiae
973 2372 1072 2419 rite
1120 2369 1459 2419 considerata
1508 2372 1713 2421 melius

33 2439 187 2488 ducit
220 2441 284 2488 ad
317 2443 577 2493 notiones
617 2442 708 2489 has
746 2440 1026 2506 generales
1057 2455 1223 2504 quam
1254 2439 1368 2486 ulla
1402 2440 1520 2488 alia.
1594 2442 1712 2489 lam

36 2507 132 2557 diu
147 2509 573 2575 comprobatum
597 2509 722 2569 fuit,
738 2510 1081 2575 Lapponiam
1095 2510 1542 2557 numerosiorem
1554 2509 1713 2575 plan-

33 2587 220 2626 tarum
255 2594 476 2644 gregem
505 2578 652 2635 ‚alere
685 2595 853 2644 quani
895 2577 1071 2626 ullam
1110 2577 1275 2624 aliam
1320 2589 1519 2625 terram
1557 2594 1712 2644 aeque

35 2647 142 2695 alte
165 2647 266 2695 sub
292 2663 513 2695 summa
541 2659 683 2695 arcto
718 2650 988 2712 positam,
1038 2646 1184 2711 quod
1219 2646 1448 2711 quidem
1472 2642 1609 2696 effici
1629 2650 1712 2696 vi-

37 2714 195 2764 detur
217 2715 477 2778 situlejus
514 2717 701 2765 medio
740 2719 884 2764 inter
909 2717 1280 2764 vastissimam
1306 2727 1508 2764 terram
1533 2719 1712 2766 conti-

34 2779 321 2834 nentalem
340 2787 592 2833 arcticam
615 2785 729 2833 scil.
754 2785 1008 2833 Sibiriam
1032 2796 1085 2834 et
1116 2785 1533 2850 amplissimum
1559 2802 1711 2835 ocea-

33 2868 181 2903 num
212 2853 479 2902 arcticum
511 2853 738 2919 ejusque
764 2866 946 2919 *terras
990 2853 1277 2903 insulares.
1359 2855 1446 2902 Ab
1482 2865 1713 2921 utraque

32 2921 242 2986 plantas
260 2939 383 2970 suas
409 2926 674 2988 recepisse
698 2923 940 2983 videtur,
963 2935 1156 2990 utpote
1177 2938 1304 2989 quae
1321 2923 1535 2988 plantas
1556 2941 1711 2973 com·

34 3003 237 3039 munes
261 2991 607 3056 habeatffcum
629 2993 894 3041 ambabus
931 2994 1015 3040 his
1058 2994 1210 3041 terris
1242 3004 1491 3058 respectu
1520 2993 1708 3041 clima·

36 3059 103 3106 tis
137 3060 245 3109 sibi
280 3062 594 3119 contrariis;
640 3079 741 3110 nec
768 3063 827 3110 'id
855 3064 1105 3120 mirum,
1152 3074 1283 3110 cum
1317 3077 1538 3127 quoque
1566 3065 1710 3110 intra

2 3153 6 3156 ·
35 3142 232 3192 parum
264 3128 543 3187 diversam<
573 3128 990 3197 longitudinem
1019 3131 1440 3197 geographicam
1470 3130 1706 3194 conjun-

144 3344 196 3393 *)
227 3345 405 3398 Georgii
431 3347 484 3389 it.
514 3346 640 3389 sibit.
688 3361 734 3405 p.
767 3352 864 3399 441,
