2194 3893
732 206 1076 294 DIOECIA.
1614 264 1731 316 273

147 374 192 423 β·
258 365 612 416 cinerascens
636 385 652 414 .-
732 369 874 420 foliis
942 375 1201 439 utrinque
1268 377 1492 429 cinereis
1555 382 1728 447 pube-

277 436 566 486 scentibus.
1490 458 1493 463 ·

166 546 168 548 .
214 504 265 552 S.
293 504 438 553 foliis
464 506 686 570 integris
708 505 900 571 glabris
929 519 1025 557 etc.
1073 505 1241 558 Limz.
1270 511 1424 578 Ιαρρ.
1474 533 1528 564 n.
1553 517 1694 579 553?

132 570 279 632 Hah.
304 574 430 620 locis
465 574 796 622 sicciusculis
828 578 1214 641 campestribus
1253 582 1531 644 sylvarum
1556 588 1738 637 totius

214 642 507 705 Lapponiae
536 643 752 690 svecicae
778 644 1005 707 ubique3
1054 646 1144 693 sed
1182 649 1226 693 β.
1265 651 1321 696 in
1348 651 1648 717 subalpinis
1672 667 1727 704 et

211 709 551 772 inferalpinis
587 711 986 775 Lapponiarum
1026 716 1295 777 praecipue
1330 725 1724 783 septentriona-

209 776 350 824 lium
394 793 565 842 usque
607 779 669 824 ad
706 777 915 840 Utsjoki
948 783 1150 845 passim
1183 783 1520 847 frequenter,
1578 791 1725 839 unde

134 867 136 869 >
210 846 374 893 etiam
398 844 545 906 juxta
570 845 793 892 flumina
816 850 872 895 in
888 860 1094 911 partem
1108 850 1417 911 sylvaticam
1434 856 1720 906 descendit.

273 934 319 960 α.
357 915 504 961 Tum
528 914 667 961 foliis
690 931 745 961 ac
768 916 988 962 ramulis
1014 917 1330 981 glaberrima
1355 934 1452 981 est,
1493 924 1723 976 demum

140 978 252 1030 fere
284 982 453 1030 nitida
490 993 538 1029 et
575 984 770 1030 eximie
801 985 1109 1033 versicolor.
1181 986 1454 1038 Fruticem
1478 992 1722 1056 plerum-

141 1064 244 1111 que
269 1052 547 1098 constituit
571 1051 846 1114 pedalem,
887 1054 1048 1099 ramis
1075 1054 1274 1104 eximie
1311 1058 1718 1124 divergentibus

140 1127 195 1163 et
251 1118 359 1166 fere
417 1118 659 1176 deflexis,
720 1119 1152 1170 fuscescentibus.
1246 1123 1387 1173 Folia
1453 1128 1719 1194 oblongo.

136 1184 531 1234 rhomboidalia
569 1197 620 1233 et
652 1202 871 1235 sursum
905 1188 1117 1247 latiora,
1166 1193 1426 1257 utrinque
1462 1194 1570 1244 fere
1595 1211 1718 1246 acu-

139 1255 375 1313 minata,
413 1271 569 1318 supra
596 1256 776 1301 viridia
806 1266 856 1302 et
882 1256 1188 1316 subnitida,
1237 1260 1427 1309 subtus
1450 1267 1718 1329 praecipue

133 1319 350 1382 juniora
390 1323 549 1369 livida
586 1325 765 1385 potius
801 1340 962 1386 quam
997 1325 1409 1388 glaucescentia:
1457 1335 1716 1383 margini.

141 1389 240 1436 bus
279 1392 502 1455 integris
545 1391 633 1438 vel
677 1393 880 1454 parcius
927 1394 1169 1440 crenatis.
1265 1395 1457 1445 Petioli
1504 1385 1719 1465 semper

134 1458 273 1505 nudi
294 1461 412 1506 sine
437 1458 561 1505 ullis
590 1459 819 1521 stipuliS,
859 1459 920 1505 ad
945 1476 1225 1524 gemmam
1247 1460 1467 1512 dilatati.
1505 1466 1715 1516 Amen-

136 1536 186 1572 ta
214 1525 427 1574 brevius
449 1526 829 1590 pedunculata‚
845 1543 957 1574 uno
971 1528 1203 1576 alterove
1224 1529 1412 1579 foliolo
1440 1532 1714 1584 bracteata.

131 1592 384 1658 Squamae
419 1593 678 1659 pedicello
711 1595 970 1658 germinis
1007 1595 1210 1660 dupplo
1252 1597 1556 1660 breviores,
1594 1602 1714 1652 bre..

131 1663 271 1710 viter
290 1663 643 1727 pubescentes
674 1674 734 1708 ut
765 1664 927 1710 etiam
961 1663 1127 1710 rachis
1162 1676 1215 1711 et
1244 1666 1511 1728 pedicelli.
1585 1670 1714 1718 Ger-

130 1731 300 1777 minis
344 1730 635 1795 pedicellus
686 1730 1030 1794 longitudine
1058 1731 1185 1779 iere
1224 1735 1392 1795 ipsius
1435 1739 1710 1799 germinis.

131 1797 369 1846 Germen
407 1797 870 1860 subcylindricum
903 1799 1136 1849 satisque
1174 1799 1425 1866 longum.
1505 1803 1712 1869 stigma

130 1865 448 1923 subsessile,
489 1864 780 1912 obsoletius
805 1865 1071 1912 bilobum·.
1659 1876 1663 1879 “

84 1934 94 1937 ”
255 1931 593 1997 Explicacio
623 1933 898 1979 leonissa.
927 1934 1172 1982 ramulus
1198 1938 1497 1986 annotinus
1519 1955 1709 1989 amen-

127 2002 316 2050 tiferus
339 2003 612 2050 femineus
634 2000 934 2048 defloratus.
1008 2001 1056 2047 b.
1095 2008 1320 2067 germen
1353 2007 1536 2069 paullo
1560 2025 1708 2060 gros-

127 2071 410 2118 sificatum.
496 2085 537 2117 c.
573 2068 727 2116 idem
760 2084 889 2115 cum
915 2070 1175 2133 particula
1211 2074 1435 2122 rachidis
1473 2062 1707 2140 quescitu-

127 2139 216 2204 plo
241 2150 478 2186 auctum.
552 2136 601 2183 d.
641 2137 858 2185 folium.

255 2215 299 2258 β.
352 2205 636 2253 Interdum
681 2206 738 2252 in
784 2205 912 2269 ipsis
957 2205 1164 2266 alpibus
1209 2207 1486 2258 adscendit
1520 2211 1705 2277 ibique

122 2286 381 2339 prostrata
406 2286 456 2321 et
482 2274 672 2321 eximie
699 2274 946 2320 cinereo·
966 2285 1271 2322 tomentosa
1304 2277 1504 2335 evadit3
1543 2281 1605 2326 ad
1633 2283 1704 2328 ri-

120 2359 214 2408 pas
238 2359 366 2391 vero
390 2343 687 2389 fluminum
710 2341 1127 2403 subalpinorum
1150 2348 1341 2407 saepius
1357 2346 1495 2393 ultra
1521 2364 1705 2413 orgya-

120 2409 234 2458 lem
260 2412 610 2458 altitudinem
635 2410 848 2474 attingit
870 2407 1174 2473 faciemque
1203 2408 1254 2457 S.
1284 2412 1526 2462 cinereae
1549 2417 1699 2470 gerit.

122 2477 346 2543 Semper
370 2478 684 2542 exstipulata
710 2487 815 2535 est,
856 2493 958 2540 qua
986 2477 1282 2526 differentia
1317 2496 1341 2527 a
1367 2472 1702 2544 praecedente

120 2546 343 2611 aliisque
378 2543 624 2594 affinibus
664 2556 780 2592 tuto
814 2544 1191 2610 distingvitur,
1254 2549 1528 2614 simulque
1573 2551 1702 2600 folia

121 2615 401 2680 aequabilia
425 2625 476 2662 et
497 2629 782 2678 nunquam
811 2628 1020 2678 rugosa.

247 2683 432 2731 Plures
458 2682 677 2748 quidem
709 2681 902 2729 Salices
936 2682 992 2729 in
1030 2682 1187 2729 Lirin.
1224 2682 1275 2729 fl.
1306 2683 1584 2749 lapponica
1618 2703 1701 2735 re-

119 2763 448 2809 censuntur,
507 2766 636 2815 quas
678 2766 804 2797 vero
854 2760 1094 2813 respectu
1130 2750 1235 2797 loci
1281 2752 1432 2800 valde
1472 2755 1698 2802 incertas

118 2835 233 2867 esse
276 2820 612 2868 crediderim.
727 2814 780 2865 S.
810 2813 994 2883 fitsca
1037 2834 1196 2881 supra
1237 2819 1415 2866 littora
1458 2820 1700 2870 bottnica

104 2886 311 2935 'Umoae
332 2888 473 2936 haud
497 2889 780 2951 provenire
803 2887 1046 2943 videtur,
1094 2887 1275 2950 itaque
1300 2903 1329 2935 e
1358 2887 1487 2936 flora
1509 2889 1696 2955 lappo-
1737 2908 1740 2909 ⁷

116 2958 234 3007 nica
257 2957 590 3016 excluditur,
629 2966 683 3004 et
701 2957 772 3002 sic
794 2955 853 3001 in
876 2955 1094 3002 caeteris.
1698 2966 1703 2967 ⁷

137 3142 141 3146 ι
489 3073 539 3123 Ε
583 3069 654 3121 Μ
698 3068 741 3120 Ρ
784 3071 832 3120 E
875 3069 926 3119 T
967 3069 1023 3119 R
1066 3066 1119 3116 U
1162 3065 1253 3118 M.

51 3157 156 3200 Gen.
160 3160 306 3213 plant.
321 3161 389 3201 ed.
405 3158 580 3200 Schreh.
610 3154 788 3211 11.1496.
832 3157 989 3195 Gaertn.
1013 3154 1066 3193 de
1084 3151 1225 3208 fruct.
1247 3166 1289 3195 2.
1312 3166 1471 3211 p.107.
1494 3154 1584 3199 tab.
1601 3156 1695 3202 106.

45 3242 163 3301 489.
211 3238 613 3286 EMPETRUM
668 3237 896 3301 nigrum
917 3227 952 3280 .·⁴
997 3233 1363 3297 procumbens
1386 3268 1405 3294 ,
1470 3237 1694 3286 ramulis

243 3308 461 3371 glabris,
500 3305 640 3353 foliis
667 3304 914 3368 oblongis
941 3305 1183 3366 margine
1206 3302 1463 3352 revolutis
1484 3304 1703 3369 glabris:

183 3377 185 3379 ’
243 3372 522 3425 Wllden.
546 3389 694 3438 spec.
731 3379 781 3434 4,
817 3388 869 3435 p.
894 3380 1010 3433 415.
1131 3438 1165 3487 S
