2194 3893
582 223 1128 277 PENTANDRIA.
1420 219 1431 224 “
1605 239 1678 290 59

98 366 345 422 generat,
385 356 512 405 adeo
540 356 734 406 duram
757 360 819 405 'ut
840 358 929 404 vix
959 357 1060 403 sub
1085 356 1314 422 pedibus
1340 357 1676 424 deprin'zitur.

101 425 451 493 Quamquam
481 428 658 490 itaque
691 426 926 474 mollitie
973 440 1067 472 sua
1110 426 1173 472 acl
1217 427 1404 474 herbas
1448 430 1680 492 pertinet

97 494 214 542 haec
245 493 456 557 planta,
507 494 660 542 valde
696 509 905 542 ramosa
935 504 1013 541 est
1045 504 1098 540 et
1142 493 1386 558 longaeva
1432 495 1681 559 foliisque

97 577 280 610 revera
303 562 634 625 perennibus
660 564 972 619 instruitur,
1011 559 1168 622 cujus
1195 563 1509 626 exemplum
1537 563 1682 610 aliud

97 631 207 678 scio
242 629 482 679 nullum.
564 632 657 678 Est
692 642 798 678 tota
836 629 1120 694 paradoxa:
1170 629 1318 676 radix
1352 642 1404 677 et
1439 631 1679 678 caudices

99 699 254 762 quasi
294 698 472 746 herbae
517 710 625 758 est,
685 699 775 747 sed
820 698 944 746 folia
984 697 1193 744 fruticis
1236 713 1400 761 quam
1443 701 1683 746 maxime

96 769 556 831 sempervirentis.
631 767 786 815 Haud
825 767 1054 830 ideoque
1086 766 1298 812 mirum
1323 768 1366 812 si
1389 781 1508 812 eam
1532 768 1590 812 ad
1622 767 1684 811 il-

96 833 179 881 los
204 834 416 882 ordines
438 836 704 884 naturales
731 835 1033 884 retulerunt
1056 833 1334 890 Romulei,
1385 835 1478 898 qui
1506 834 1686 880 herbis

99 913 373 959 constant3
422 906 476 951 in
512 922 613 968 qua
648 906 908 969 opinione
944 903 1139 950 firmati
1173 901 1397 950 fuerunt
1430 918 1454 948 a
1487 902 1685 949 corolla

98 971 344 1018 tabulata
379 973 704 1020 staminibus
744 973 873 1020 tubo
909 971 1195 1035 impositis.
1288 969 1513 1018 Fructus
1554 986 1682 1017 vero

98 1050 152 1088 et
181 1041 390 1087 semina
423 1043 628 1104 optime
667 1058 794 1089 cum
832 1039 1158 1089 Bicernibus
1203 1040 1576 1095 conveniunt,
1625 1050 1687 1085 ut

96 1123 190 1156 me
222 1107 402 1169 judice
433 1112 613 1174 planta
647 1111 840 1174 nequit
871 1124 987 1156 non
1029 1123 1141 1155 esse
1179 1107 1389 1155 Azaleis
1436 1108 1686 1171 proxime

100 1172 285 1224 affinis<
369 1180 643 1226 Anatome
675 1178 881 1225 fructus
916 1192 1070 1225 more
1114 1175 1490 1223 Gaertneriano
1527 1177 1687 1222 insti-

99 1254 214 1292 tuta
238 1261 467 1310 sequens
494 1258 591 1295 est.

166 1309 300 1363 Per.
341 1315 568 1379 Capsula
589 1331 810 1380 supera,
849 1314 1021 1377 calyce
1048 1329 1247 1378 parum
1268 1312 1516 1371 brevior,
1556 1327 1684 1359 ova-

234 1393 318 1443 ta,
376 1395 557 1443 acuta,
624 1384 760 1446 stylo
807 1393 1088 1441 coronata,
1166 1381 1539 1445 cartilaginea,
1599 1398 1686 1426 ro-

234 1451 463 1499 tundato
486 1481 508 1490 -
535 1453 776 1518 tnigona,
833 1451 1188 1509 trilocularis‚
1250 1449 1519 1497 trivalvis:
1577 1448 1687 1494 val-

233 1520 378 1568 vulis
402 1522 494 1567 vix
518 1521 581 1568 ad
608 1522 762 1568 basin
794 1521 1060 1584 separatis·
1133 1520 1537 1582 Dissepimenta
1569 1533 1687 1564 mea

233 1588 324 1636 dio
349 1589 694 1636 valvularum
718 1591 916 1637 inserta
941 1600 1100 1652 atque
1134 1586 1413 1635 valleculis
1455 1586 1686 1650 capsulae.

235 1659 469 1705 externis
495 1657 907 1722 respondentia,
944 1673 969 1704 a
994 1654 1499 1704 columna'centrali
1531 1670 1689 1718 supra

234 1737 485 1773 centrum
500 1726 728 1791 capsulae
742 1742 853 1774 sese
869 1727 1164 1790 separantia
1180 1725 1317 1771 dum
1332 1723 1556 1770 dehiscit
1570 1739 1688 1786 cap-

233 1794 380 1851 sula,
428 1794 519 1842 sed
551 1795 614 1842 ad
647 1804 898 1842 centrum
931 1804 983 1842 et
1015 1793 1157 1842 insta
1180 1793 1406 1841 firmiter
1438 1807 1566 1839 cum
1603 1806 1690 1837 co-

234 1861 429 1909 lumna
451 1863 677 1911 centrali
702 1873 947 1910 connata.
1477 1865 1479 1867 ’

167 1924 378 1994 Recep.
427 1932 486 1978 in
536 1931 754 1996 singulo
807 1931 1176 1978 loculamento
1224 1928 1546 1995 singulum,
1611 1928 1693 1974 axi

233 1998 463 2062 capsulae
499 1999 725 2047 firmiter
757 1999 1020 2046 adnatum
1060 2010 1112 2046 et
1146 2014 1381 2062 superne
1415 1997 1690 2052 bilobum,

235 2066 450 2115 inferne
474 2067 715 2116 liberum
739 2068 827 2115 vel
850 2084 877 2114 a
903 2069 1158 2115 columna
1183 2066 1406 2114 centrali
1445 2066 1695 2113 solutum

237 2145 290 2184 et
311 2135 556 2200 undique
581 2136 886 2183 seminibus
910 2147 1144 2192 tectum;
1195 2135 1259 2182 de
1285 2145 1474 2181 caetero
1498 2133 1694 2182 oblon-

235 2219 403 2269 gum,
441 2203 773 2270 fungosum,
808 2204 1117 2262 luteolum,
1154 2202 1428 2251 favosum.

167 2267 314 2320 Sem.
353 2272 535 2336 plura,
581 2275 827 2331 minuta,
880 2273 1173 2321 subcubica
1211 2271 1298 2319 vel
1331 2268 1694 2328 subrotuncla,

237 2339 560 2388 ruFescentia
579 2375 594 2400 ,
632 2342 874 2388 areolata.

168 2406 354 2475 Inceg.
395 2411 656 2473 simplex,
692 2409 1208 2467 membranaceum,
1251 2418 1432 2455 tenue.

167 2474 406 2526 Album.
446 2479 648 2526 semini
674 2477 987 2537 consorme,
1034 2477 1318 2536 albidum,
1364 2474 1574 2523 friabile
1610 2472 1697 2521 vel

238 2562 587 2611 grumosum.
1204 2577 1217 2588 .
1604 2569 1605 2576 κ

167 2611 366 2662 Embr.
406 2614 697 2678 oblongus,
735 2612 968 2673 albidus,
1008 2611 1276 2661 centralis.
1325 2608 1516 2677 Cocyl.
1541 2609 1694 2658 sulco

237 2685 431 2749 exiguo
460 2683 665 2730 divisae.
713 2681 870 2730 Rari.
896 2697 1095 2740 crassa,
1135 2682 1446 2745 centripeta.

99 2748 441 2819 Explicacio
475 2751 684 2798 iconis.-
751 2765 795 2797 a.
842 2750 908 2797 A.
945 2750 1156 2813 capsula
1200 2750 1346 2811 apice
1399 2748 1696 2805 dihiscenS,

235 2820 472 2870 naturali
494 2830 546 2867 et
567 2830 717 2866 aucta
733 2817 1145 2883 ‘magnitudine
1184 2816 1244 2864 Β.
1284 2816 1496 2881 capsula
1520 2825 1700 2879 aperta

172 2902 176 2906 ’
236 2903 472 2954 superne
496 2888 624 2934 visa.
666 2885 724 2934 C.
741 2885 857 2949 ejus
882 2887 1047 2934 sectio
1073 2884 1442 2937 transversalis
1466 2900 1561 2948 per
1573 2899 1698 2930 cen-

235 2969 407 3006 trum.
454 2957 521 3003 D.
547 2955 662 3018 ejus
688 2956 851 3002 sectio
880 2953 1247 3001 transversalis
1270 2952 1410 3000 infra
1425 2962 1701 3009 centrum,

238 3041 344 3090 qua
371 3023 702 3088 receptacula
724 3023 894 3071 libera
920 3021 1361 3069 manifestantur.
1415 3020 1475 3067 E.
1513 3035 1700 3084 capsu-

234 3094 287 3142 la
316 3110 344 3142 e
368 3093 531 3141 latere
555 3093 689 3150 visa,
725 3101 1021 3156 postquam
1048 3089 1229 3138 demta
1260 3100 1339 3138 est
1360 3087 1578 3139 valvula
1603 3104 1701 3135 an-

233 3163 431 3221 terior,
469 3176 577 3225 quo
603 3162 736 3209 situs
773 3169 825 3207 et
852 3159 1018 3223 figura
1054 3158 1524 3222 receptaculorum
1555 3156 1704 3203 visui

233 3240 438 3296 patent.
508 3229 564 3277 F.
603 3228 768 3277 sectio
804 3226 1221 3292 longitudinalis
1253 3242 1348 3291 per
1380 3224 1704 3273 columnam

240 3298 472 3365 capsulae
511 3307 563 3348 et
595 3295 1001 3360 receptaculum
1045 3296 1257 3355 unum,
1314 3290 1417 3360 qua
1454 3292 1609 3343 fovea
1642 3294 1703 3340 in
