2194 3893
779 191 1049 247 Muscr.
1168 227 1171 229 ψ
1627 202 1745 257 503

155 341 330 380 rostro
375 328 686 379 subsetaceo
732 327 1001 378 declinato
1048 322 1462 391 longitudinem
1516 322 1749 389 capsulae

155 409 420 465 aequante.
715 409 753 450 4

296 464 574 514 Grimmia
619 463 967 513 verticillaca
1019 459 1189 511 Turn.
1249 476 1278 508 a
1320 470 1509 508 nostro
1552 474 1749 508 musco

158 533 336 583 differt
371 534 626 582 dentibus
666 533 1006 597 peristomii,
1053 531 1310 579 columna
1349 528 1535 587 brevi,
1591 545 1749 594 oper-

158 602 283 650 culo
309 603 602 650 subconico
636 613 690 650 et
725 600 983 658 deciduo,
1032 598 1247 663 capsula
1285 596 1552 662 oblonga,
1599 596 1748 646 foliis

157 669 501 736 longioribus
524 670 742 719 luteolis
757 703 773 728 ,
812 667 1055 716 caulibus
1075 665 1376 732 fragilibus.

292 739 484 804 Neque
527 740 586 785 in
629 737 920 802 paludibus
966 736 1148 784 crescit
1193 749 1294 781 nec
1338 732 1558 781 aestivus
1606 730 1751 795 apud

155 821 260 855 nos
305 818 413 864 est;
478 809 602 871 quia
642 822 834 854 mense
872 802 1004 866 maji
1048 802 1288 867 capsulas
1326 800 1654 866 operculatas
1698 811 1753 849 et

159 875 471 939 calyptratas
498 876 619 939 legi.
690 874 781 921 An
806 884 992 920 autem
1024 871 1228 919 ultimo
1270 881 1540 917 autumno
1565 885 1750 932 capsu-

157 941 234 989 las
270 941 514 1006 perficit?
563 944 640 989 De
677 952 865 989 caetero
903 940 1082 986 musci
1115 941 1174 986 in
1209 939 1486 1002 Lapponia
1520 936 1754 986 eandem

157 1025 418 1059 normam
449 1020 665 1058 servant
696 1026 752 1056 ac
787 1008 942 1055 alibi:
999 1008 1110 1055 scil.
1146 1007 1367 1054 saxicoli
1410 1016 1462 1053 et
1504 1007 1564 1053 in
1602 1007 1750 1054 siccis

159 1079 351 1142 apricis
378 1089 673 1126 crescentes
695 1079 876 1141 primo
900 1091 1026 1124 vere
1050 1074 1287 1140 capsulas
1311 1084 1590 1121 maturant
1606 1107 1622 1131 ‚
1659 1092 1751 1139 pa-

158 1145 354 1195 lustres
388 1161 607 1194 summa
642 1156 822 1193 aestate
870 1146 1075 1209 optime
1114 1153 1369 1208 vegetant
1416 1153 1470 1190 et
1524 1141 1752 1191 fructifi-

160 1224 308 1269 cant;
344 1215 626 1278 [rupestres
653 1229 778 1262 vero
805 1211 1162 1277 inferalpinos
1190 1220 1462 1258 autumno
1493 1212 1754 1259 maturari

161 1281 502 1329 crediderim.

92 1356 209 1414 534.
248 1345 823 1397 GYMNOSTOMUM
861 1346 1193 1397 cristiclzon:
1260 1345 1410 1395 caule
1451 1345 1752 1411 simpliciu-

296 1417 449 1466 sculo
474 1415 754 1475 filiformi,
794 1416 937 1464 foliis
974 1416 1190 1463 trifariis
1221 1413 1532 1462 lanceolatis
1557 1415 1755 1462 canali-

295 1485 521 1544 culatis‚
567 1486 876 1549 perichaetio
911 1484 1241 1542 convolut0‚
1295 1481 1525 1547 capsulis
1557 1482 1753 1532 oblon-

297 1555 378 1620 gis
397 1586 414 1613 ,
452 1552 708 1617 operculo
735 1553 952 1617 oblique
973 1562 1219 1599 rostrato.

232 1621 295 1670 G.
327 1632 678 1686 compactum
721 1617 996 1668 Schlez'ch.
1043 1616 1246 1668 helvec.
1290 1629 1436 1666 cene.
1504 1629 1553 1667 2.
1611 1634 1667 1666 n.
1705 1630 1756 1679 7.

368 1686 760 1755 Sclzwoegrz'clz.
786 1687 970 1753 suppl.
991 1702 1166 1735 muse.
1212 1704 1251 1733 ι.
1290 1684 1441 1751 p.36.
1481 1695 1519 1734 t.
1540 1702 1616 1734 ιι.
1655 1685 1691 1734 f.
1711 1703 1753 1733 1.

230 1757 296 1806 G.
320 1757 597 1805 luteolum
632 1753 815 1803 Smitlz
839 1755 970 1803 bric.
1008 1766 1057 1817 5.
1095 1772 1147 1820 p.
1177 1752 1321 1816 1163.

233 1826 294 1873 G.
321 1827 579 1874 aestivum
616 1821 859 1890 Hedm'g
877 1840 1025 1890 spec,
1063 1840 1098 1887 p
1139 1819 1246 1886 52?

164 1893 303 1944 Hab.
330 1895 390 1940 in
423 1893 651 1957 rupibus
688 1894 895 1956 alpium
927 1891 1132 1956 frigidis
1158 1888 1380 1938 occultis
1406 1889 1469 1936 ab
1503 1905 1636 1955 aqua
1671 1891 1758 1937 ni·

232 1961 343 2010 vali
379 1962 606 2025 irrigatis
640 1977 735 2024 per
768 1959 1166 2007 Nordlandiam
1203 1969 1374 2006 totam
1411 1961 1617 2023 passim
1651 1959 1757 2007 fre-

235 2040 481 2095 quenter.
554 2028 912 2075 Autumnalis
938 2043 1051 2076 esse
1078 2027 1310 2074 videtur.

301 2097 532 2145 Pulchra
556 2106 633 2144 est
676 2097 876 2160 species
911 2106 963 2144 et
996 2094 1150 2142 valde
1180 2094 1574 2142 memorabilis.
1658 2095 1761 2142 Per

162 2167 391 2231 longam
423 2180 699 2212 annorum
730 2165 929 2212 seriem
957 2164 1280 2210 innovando
1316 2179 1642 2211 succrescere
1674 2165 1757 2210 vi-

164 2234 324 2284 detur
350 2249 525 2296 quum
556 2232 760 2280 surculi
797 2231 1046 2295 undique
1081 2242 1374 2279 occurrunt
1409 2231 1758 2295 longitudine

164 2302 352 2367 digiti,
391 2317 660 2365 magnum
684 2311 737 2348 et
757 2309 1105 2363 compactum
1140 2300 1418 2363 caespitem
1450 2297 1758 2359 efficientes,

163 2372 492 2437 plerumque
512 2367 739 2416 indivisi
765 2368 852 2415 vel
876 2383 903 2415 e
926 2367 1089 2415 latere
1112 2368 1274 2414 unico
1299 2378 1517 2414 tantum
1541 2369 1757 2432 simpli-

166 2441 297 2488 citer
332 2439 686 2493 innovantes;
734 2437 1094 2483 innovatione
1124 2434 1328 2500 singuli
1364 2437 1496 2483 anni
1542 2439 1758 2484 tertiam

164 2516 375 2574 partem
403 2515 529 2553 setae
551 2515 614 2551 ut
636 2504 949 2568 plurimum
974 2514 1278 2567 superante.
1361 2503 1510 2551 Folia
1542 2519 1759 2569 semper

164 2574 432 2624 trifariam
454 2573 709 2635 disposita
733 2581 864 2619 sunt
880 2604 897 2630 ,
918 2573 1064 2635 quod
1090 2572 1298 2635 optime
1322 2582 1538 2637 apparet
1558 2573 1618 2620 in
1644 2575 1755 2637 api-

166 2642 319 2694 cibus
354 2640 610 2689 brevibus
644 2639 993 2688 surculorum
1022 2639 1263 2688 stellulas
1301 2641 1596 2698 triradiatas
1632 2641 1757 2705 pul-

170 2711 296 2760 chre
331 2707 722 2767 reFerentibus,
783 2723 960 2772 quum
1000 2717 1187 2756 autem
1229 2708 1435 2756 surculi
1496 2709 1760 2772 spiraliter

166 2787 503 2843 torquuntur
526 2777 822 2824 obsoletius
844 2775 933 2835 fit,
970 2775 1100 2824 adeo
1135 2786 1199 2823 ut
1219 2777 1417 2840 saepius
1443 2777 1760 2824 verticillata
1837 2771 1850 2786 ⁷

166 2856 452 2913 a-pparent;
502 2844 566 2893 de
600 2856 788 2892 caetero
821 2843 949 2891 folia
986 2854 1118 2891 sunt
1149 2843 1475 2902 lanceolata,
1522 2843 1760 2892 breviter

166 2915 505 2973 acuminata,
553 2913 764 2976 patula,
812 2912 1166 2960 exsiccatione
1197 2910 1438 2976 apicibus
1474 2912 1761 2976 insigniter

167 2985 449 3032 incurvata
502 2983 645 3046 (quo
677 2980 882 3029 surculi
914 2979 1174 3027 nodulosi
1207 2989 1465 3043 apparent
1501 2995 1527 3026 a
1556 2995 1758 3043 pre-:ce-

166 3051 345 3100 dentis
380 3051 576 3114 speciei
609 3049 760 3097 facile
801 3047 1240 3113 distingvencli),
1296 3062 1465 3095 nervo
1504 3047 1757 3095 ductulo-

168 3135 296 3168 rum
322 3119 478 3166 tenui
500 3119 793 3177 instructa,
832 3127 991 3179 atque
1025 3116 1247 3163 reticulo
1285 3126 1563 3178 compacto
1601 3115 1755 3176 facta,

169 3187 348 3236 colore
380 3185 787 3234 luteo-viridia.
868 3184 1259 3232 Perichaetium
1289 3185 1551 3248 vaginans
1585 3185 1646 3231 in
1680 3184 1754 3230 la-

166 3265 277 3305 tere
314 3254 517 3304 surculi
560 3253 840 3304 evidenter
882 3253 1242 3317 conspicitur,
1299 3261 1683 3301 constructum
1724 3269 1754 3302 e
