2194 3893
452 267 578 303 1241
915 248 997 301 IN
1008 247 1227 298 TROD
1239 246 1488 298 UC'HO.

521 377 939 446 Siliquosaram
976 391 1036 425 21
1086 378 1283 442 species
1322 378 1555 425 minoris
1596 378 1921 444 plerumque
1956 393 2078 431 mo-

586 449 759 496 menti
780 457 935 506 sunt,
971 458 1162 508 praeter
1188 442 1557 494 Cochlearz'czs
1580 449 1634 494 in
1664 448 1953 496 maritimis
1991 464 2080 496 ex-

587 515 869 574 cellentes,
933 510 1166 561 Drabas
1209 514 1411 577 alpinas
1473 514 1743 563 Botanicis
1796 526 2080 580 pergratas,

585 585 825 646 itemque
849 582 1232 629 Cardaminem
1257 597 1427 628 unam
1450 592 1502 630 et
1529 582 1925 632 Cheiranthum
1946 584 2080 648 Lap-

585 655 764 716 pc-niae
787 652 1089 716 proprium.

524 717 975 767 Personamrum,
1045 732 1104 779 ²9
1165 717 1395 780 species,
1463 734 1693 782 quarum
1745 716 2080 767 Pediculares

585 789 896 836 maximum
966 794 1358 832 ornamentum
1402 785 1692 850 Lapponiae
1736 788 1794 833 in
1850 787 2081 832 summis

586 858 748 903 eriam
772 856 980 919 alpibus
1005 863 1146 900 sunt.
1205 851 1478 900 Veronicae
1511 870 1727 919 quoque
1760 853 1902 901 haud
1937 869 2082 918 sper-

585 925 782 970 nendae
806 933 964 980 sunt,
993 938 1093 968 nec
1114 919 1334 972 Balrtsiffi

517 987 1073 1054 Papilionacearum
1101 1005 1157 1034 io
1184 988 1383 1051 species
1406 988 1676 1054 pleraeque
1704 989 1762 1036 in
1790 998 1937 1048 parte
1975 987 2080 1049 syl-

585 1060 755 1105 vatica
789 1058 1041 1123 inferiore
1063 1071 1288 1104 crescere
1314 1055 1599 1115 desinunt,
1637 1072 1736 1104 nec
1763 1057 1839 1103 ibi
1872 1058 1929 1103 in
1963 1064 2082 1120 pra-

586 1128 654 1174 tis
680 1128 802 1172 satis
827 1125 1070 1190 vulgares
1107 1134 1252 1170 sunt.
1298 1130 1303 1135 '
1332 1121 1494 1188 Alpes
1530 1125 1836 1172 inhabitant
1868 1134 2083 1172 tantum

585 1194 851 1258 Astragali
875 1193 983 1241 duo
1009 1204 1059 1240 et
1080 1192 1250 1239 Phaca
1274 1208 1380 1238 una
1406 1193 1651 1259 alterave.

523 1258 942 1311 Orclzzd051·um
972 1272 1038 1321 14
1059 1261 1255 1324 species
1284 1261 1339 1306 in
1370 1260 1640 1323 Lapponia
1668 1260 1890 1324 sparsim
1917 1256 2081 1305 modo

583 1341 830 1378 crescunt
852 1340 904 1376 et
928 1331 1177 1392 exiguam
1205 1337 1420 1376 tantum
1444 1339 1654 1391 partem
1683 1328 1848 1375 totius
1872 1337 2084 1390 vegeta-

583 1400 751 1446 tionis
790 1398 1149 1444 constituunt.
1233 1395 1309 1441 Ex
1341 1396 1406 1442 iis
1443 1407 1624 1444 tamen
1658 1396 1799 1459 alpes
1851 1393 2085 1441 salutant

587 1462 811 1530 Oplzrys
845 1463 1074 1530 alpina,
1139 1458 1339 1511 Orchis
1365 1460 1562 1512 albida
1602 1474 1654 1512 et
1708 1476 1991 1528 conopsea
2033 1471 2086 1509 et

585 1529 795 1580 viridis.
1042 1553 1046 1556 ·
1489 1580 1492 1586 ,

516 1600 769 1649 filicibus
795 1593 975 1645 affines
1013 1590 1442 1657 Tetradidymoe
1482 1599 1770 1655 14‘species
1806 1596 2084 1652 exhibent,

584 1682 816 1733 quarum
841 1664 873 1711 6
898 1665 957 1710 in
981 1662 1188 1727 alpibus
1215 1661 1480 1724 copiosius
1510 1661 1861 1720 proveniunt,
1888 1671 1939 1707 et
1959 1661 2082 1708 reli-

584 1752 704 1802 quae
730 1735 836 1783 fere
858 1747 1050 1781 omnes
1078 1746 1156 1777 ex.
1186 1745 1260 1793 gr.
1285 1728 1627 1791 Equiseta‚in
1652 1727 1814 1788 sylvis
1838 1728 2083 1793 vulgares

585 1815 745 1862 sunt,
780 1804 851 1849 ita
887 1810 949 1847 ut
982 1809 1192 1864 partem
1220 1796 1366 1844 haud
1397 1794 1758 1859 spernendam
1792 1797 2082 1861 vegetatio-

583 1875 670 1920 nis
693 1870 988 1935 lapponicae
1012 1867 1363 1914 constituant.

517 1940 764 1990 Filiolam
799 1951 861 2002 19
894 1937 1095 2000 species
1130 1935 1188 1981 in
1223 1931 1488 1980 radicibus
1522 1930 1725 1994 alpium
1763 1929 1908 1993 juxta
1934 1948 2082 1979 mare

587 2006 914 2056 occidentale
939 2004 1265 2069 plerumque
1288 2009 1562 2057 crescunt,
1601 1998 1695 2046 ubi
1730 2001 1894 2047 etiam
1933 2016 2080 2065 mag·
2146 2050 2149 2053 ,

582 2086 716 2126 nam
736 2075 947 2122 molem
968 2070 1321 2136 vegetationis
1359 2068 1701 2115 constituunt
1733 2077 1784 2115 et
1814 2068 1872 2114 in
1912 2066 2080 2116 Oeco-

581 2145 774 2195 nomia
807 2140 1114 2189 incolarum
1148 2137 1293 2185 haud
1325 2144 1673 2199 spernuntur.
1767 2136 1827 2182 In
1873 2135 2080 2200 alpibus

583 2227 802 2279 quoque
832 2208 865 2256 6
900 2209 1098 2272 species
1145 2214 1432 2253 occurrunt
1467 2202 1588 2249 locis
1623 2203 2004 2259 occultioribus
2030 2214 2083 2251 et

584 2279 854 2347 dispersis.
922 2277 1024 2324 Sed
1050 2277 1109 2322 in
1134 2273 1297 2336 sylvis
1328 2271 1617 2335 Lapponiae
1652 2273 1867 2319 svecicae
1897 2287 2079 2336 paucae

582 2361 636 2399 et
661 2350 911 2412 dispersae
932 2342 1236 2392 admodum
1257 2349 1501 2389 crescunt
1524 2338 1701 2385 filices.
2135 2394 2138 2397 Δ

516 2417 981 2467 Holoracearum
1015 2423 1075 2458 12
1100 2410 1301 2475 species
1339 2417 1494 2469 sunt,
1545 2422 1774 2469 quarum
1810 2406 2080 2472 pleraeque

582 2487 792 2552 parcius
809 2490 1079 2534 crescunt;
1117 2489 1301 2525 tamen
1324 2472 1551 2523 Rumeoe
1570 2470 1828 2522 ‘Acecosa
1849 2485 1901 2522 et
1923 2471 2080 2522 Ace-

587 2550 790 2602 cosella
814 2566 914 2597 nec
934 2564 1050 2596 non
1071 2543 1440 2611 Polygonum
1465 2542 1776 2606 νὶνιῖρανιιιη
1799 2558 1894 2607 per
1914 2553 2083 2591 totam

583 2619 921 2685 Lapponiam
947 2615 1161 2679 copiose
1185 2612 1545 2660 inveniuntur
1570 2622 1620 2659 et
1658 2611 1877 2674 quidem
1912 2627 2083 2674 usque

583 2690 648 2739 ad
689 2682 990 2750 superiores
1039 2683 1213 2747 alpes,
1249 2680 1346 2727 ubi
1380 2680 1442 2726 iis
1474 2694 1528 2726 se
1571 2677 1817 2743 adjungit
1857 2674 2082 2727 Bheum

581 2754 875 2823 digynam.
913 2750 1329 2816 Igiturminime
1345 2746 1658 2811 spernendae
1684 2758 1832 2799 sunt,
1859 2757 2080 2811 etprop-

581 2837 663 2874 ter
684 2822 899 2871 acidum
924 2835 1091 2867 suum
1116 2816 1331 2866 ferculis
1355 2815 1671 2880 Lapponicis
1694 2815 1962 2878 primariis
1985 2830 2080 2862 an·

581 2899 962 2941 numerantur.

521 2958 1059 3024 Campanaceczram
1104 2970 1160 3000 11
1209 2951 1408 3016 species
1456 2950 1514 2996 in
1557 2949 1824 3012 Lapponia
1864 2950 2073 3014 parcius

585 3036 859 3082 crescunt,
908 3033 1102 3086 praeter
1135 3020 1305 3068 solam
1340 3018 1732 3081 Campanulam
1772 3016 2076 3065 rotundifo-

582 3089 716 3144 liam
738 3105 789 3142 et
811 3092 1143 3139 Parnassiam
1168 3088 1439 3152 vulgatius
1472 3096 1779 3132 crescentes.
1861 3085 2077 3150 Alpinae,

585 3174 801 3211 tantum
825 3169 953 3207 sunt
975 3173 1083 3204 una
1108 3155 1336 3203 alterave
1360 3152 1691 3216 Campanula
1716 3164 1767 3199 et
1781 3153 1926 3201 Viola
1949 3169 2072 3200 una.

517 3228 905 3281 Rotae-earam
964 3239 997 3288 9
1055 3224 1285 3289 specieS,
1307 3237 1536 3285 quarum
1566 3220 1849 3268 Trientalis
1885 3236 2073 3268 onmes

584 3300 756 3363 sylvas
804 3294 1085 3343 fertiliores
1129 3290 1430 3339 admodum
1472 3298 1655 3349 ornat,
1713 3298 1765 3337 et
1795 3288 2074 3337 Gentianae

583 3364 870 3417 nonnullae
892 3363 1101 3428 alpium
1128 3360 1286 3410 decus
1309 3367 1452 3407 sunt.
