2194 3893
562 193 817 246 ALeAE
870 192 1386 250 LicnaNosAz.
1683 215 1800 267 4⁶5

226 321 341 369 Hah
406 325 459 374 in
493 325 761 392 lapidibus
799 329 1041 393 saxisque
1075 330 1391 380 elatioribus
1427 331 1635 396 alpium
1673 329 1804 397 prae}-

291 395 446 457 cipue
502 397 909 445 maritimarum
969 397 1296 448 Finmarkiae
1353 411 1406 449 et
1456 400 1803 450 Nordlandioe

290 476 510 524 passim.

358 529 504 597 Quin
527 532 850 596 praecedenti
874 535 1122 598 proxime
1144 531 1317 584 affinis
1340 535 1428 596 fit,
1466 536 1609 583 nulii
1643 536 1802 583 ‹lubi-

222 606 425 654 tamus;
473 600 565 647 sed
604 603 724 648 satis
762 617 1028 667 superque
1076 603 1345 652 (listIncta.
1419 604 1606 652 Crusta
1650 606 1800 652 intus

219 665 334 711 alba
371 677 423 714 et
456 670 580 714 satis
618 681 920 733 compacta3
980 672 1285 734 superficies
1331 688 1458 720 vero
1500 672 1684 719 mollis
1719 672 1804 720 vel

216 737 504 800 spongiosa
534 737 601 783 ob
629 739 938 803 asperitiem
963 740 1238 802 quandam
1265 742 1670 795 tenuissimam,
1699 756 1801 805 qua

215 803 379 849 etiam
413 804 652 853 colorem
689 807 885 853 eximie
918 818 1113 855 mutat.
1195 807 1341 856 Sicca
1379 810 1531 855 enim
1570 818 1801 854 saturate

219 872 452 930 cinerea,
492 874 582 920 sed
621 859 863 921 humida⁹
882 876 1112 922 omnino
1136 876 1395 923 umbrina
1432 876 1486 921 fit
1517 875 1601 921 vel
1628 874 1800 923 fusce·

214 940 348 994 scit,
388 955 494 1004 quo
533 941 829 989 charactere
861 958 977 989 non
999 953 1176 1007 potest
1200 959 1316 990 non
1341 944 1637 990 certissime
1671 959 1694 988 a
1733 939 1799 989 L.

219 1004 476 1069 lapicida
512 1008 802 1073 distingvi,
827 1024 948 1072 quae
977 1009 1343 1058 immutabilis
1371 1012 1624 1074 persistit.
1672 1009 1800 1058 Scu-

216 1074 354 1122 tellae
379 1092 596 1140 quoque
622 1093 779 1141 supra
809 1089 1046 1124 crustam
1064 1078 1201 1125 =adeo
1237 1080 1456 1126 elevatae
1474 1111 1487 1134 ,
1526 1090 1588 1124 ut
1609 1082 1800 1142 pagina

214 1143 441 1191 inferior
462 1146 688 1209 perspici
715 1155 899 1208 queat;
938 1145 1216 1209 simulque
1240 1145 1510 1192 mollioris
1548 1147 1798 1192 substan-

215 1211 302 1257 tiae
340 1213 422 1259 vel
458 1216 804 1270 sutmomeae,
862 1215 1109 1276 margine
1145 1213 1452 1260 crassisculo
1489 1214 1797 1269 instructae,

215 1279 552 1344 ‹lilutiusque
599 1281 863 1328 coloratae.

142 1344 1020 1417 90-6.,LE(;1DEAficseo-acra:
1059 1359 1230 1396 crusta
1270 1348 1594 1395 tenuissima
1629 1349 1796 1412 nigri„-

342 1429 523 1474 cante,
573 1417 762 1464 areolis
810 1417 986 1481 planis
1033 1415 1220 1463 nitidis
1261 1417 1517 1462 castaneis
1567 1414 1796 1464 dilutius

345 1486 689 1548 marginatis,
737 1484 974 1533 scutellis
1016 1485 1157 1532 inter
1181 1483 1381 1532 areolas
1407 1483 1625 1532 elevatis
1666 1499 1795 1531 con-

340 1554 489 1599 vexis
538 1555 679 1601 atris.

276 1620 334 1668 L.
369 1619 681 1668 fusco-atra
715 1618 928 1668 Aclzar.
958 1616 1128 1666 meclz.
1166 1636 1217 1684 p.
1245 1625 1329 1681 44.
1386 1654 1398 1664 .

276 1688 480 1747 Lichen
520 1688 834 1737 fusco-ater
868 1685 1038 1736 Lina.
1063 1703 1202 1735 svec.
1243 1704 1298 1734 n.
1337 1684 1480 1749 1063.

275 1757 539 1804 Lecanora
577 1757 892 1805 fusco-atra
927 1754 1140 1803 Aclzar.
1168 1753 1298 1803 liclz.
1330 1757 1479 1803 univ.
1518 1771 1570 1819 p.
1597 1762 1713 1818 559.

207 1833 251 1877 ,3.
300 1822 501 1891 gibba:
540 1826 730 1873 areolis
767 1827 1019 1873 convexis
1046 1824 1284 1888 gibbosis
1309 1825 1596 1888 contiguis.

209 1892 345 1939 Hab.
407 1895 462 1939 in
502 1893 769 1958 lapidibus
818 1894 1063 1956 saxisque
1121 1894 1266 1938 siccis
1313 1891 1502 1955 apricis
1559 1905 1655 1954 per
1713 1900 1793 1938 to-

273 1972 385 2008 tam
410 1962 748 2026 Lapponiam
779 1963 942 2009 etiam
974 1961 1217 2024 alpinam
1243 1959 1571 2022 frequenter.

346 2029 508 2077 Valde
560 2031 842 2094 peculiaris
900 2030 1129 2093 species,
1200 2038 1251 2074 et
1286 2027 1429 2073 nulli
1476 2028 1563 2072 alii
1604 2022 1793 2073 affinis.

206 2097 268 2144 In
301 2097 570 2162 lapidibus
604 2097 834 2146 laevibus
862 2108 913 2145 et
943 2095 1040 2143 ubi
1067 2096 1244 2142 laetius
1270 2097 1414 2158 viget
1439 2095 1672 2140 omnino
1704 2110 1794 2140 ex·

207 2168 437 2214 centrice
469 2168 680 2215 crescit:
721 2167 957 2213 extimus
1011 2163 1246 2211 ambitus
1281 2164 1685 2209 nonnullarum
1723 2161 1792 2207 li-

202 2249 435 2282 nearum
478 2234 782 2282 latitudinis
828 2234 1188 2281 tenuissimus
1234 2231 1504 2295 nigricans
1552 2241 1630 2276 est
1675 2230 1793 2276 sine

203 2302 331 2349 ullis
384 2302 600 2358 areolis;
659 2302 782 2363 dein
827 2303 969 2348 intra
1017 2314 1202 2347 versus
1253 2309 1554 2344 nascuntur
1599 2295 1791 2343 areolae

201 2372 438 2418 minutae
469 2370 864 2435 punctiformes
899 2370 1115 2433 longius
1151 2365 1473 2427 disjunctae,
1512 2379 1632 2428 quae
1664 2379 1789 2411 sen-

122 2433 133 2441 ’
203 2440 311 2485 sim
345 2439 560 2503 longius
595 2441 897 2486 introrsum
932 2435 1161 2497 majores
1198 2433 1599 2496 crebrioresque
1632 2431 1795 2489 fiunt,

205 2523 383 2571 usque
410 2506 543 2554 dum
570 2523 737 2571 prope
770 2517 1021 2553 centrum
1047 2513 1239 2550 crustae
1273 2501 1382 2560 fere
1409 2502 1679 2563 contiguae
1715 2498 1791 2545 al-

205 2573 642 2639 bo·marginatae
665 2587 716 2622 et
736 2573 978 2620 scutellis
999 2572 1283 2618 immixtae.
1323 2570 1476 2615 Intus
1503 2567 1794 2613 albissimae

202 2655 335 2690 suut
376 2642 565 2690 areolae
604 2655 654 2690 et
688 2643 744 2688 in
768 2641 1004 2688 humido
1030 2637 1294 2684 nonnihil
1321 2645 1683 2682 tumescentes
1723 2634 1788 2679 li-

200 2713 535 2774 vidiorisque
574 2711 780 2758 coloris.
867 2705 1115 2755 Scutellae
1155 2719 1373 2768 quoque
1409 2702 1508 2750 sub
1553 2712 1789 2764 recepta-

200 2780 326 2826 culo
352 2778 574 2836 albidae,
611 2778 701 2825 sed
729 2787 964 2824 stratum
990 2770 1438 2820 seminuliferum
1462 2771 1787 2817 aterrimum

200 2849 437 2912 satisque
462 2861 702 2894 crassum
728 2844 1053 2905 durumque.
1687 2875 1690 2878 .

331 2928 377 2973 β.
415 2914 606 2963 areolis
638 2913 748 2960 suis
785 2910 960 2976 gibbis
997 2912 1172 2955 totam
1208 2915 1443 2952 crustam
1481 2901 1591 2950 fere
1614 2917 1788 2965 usque

201 2982 265 3031 ad
303 2984 573 3031 extimum
607 2981 913 3046 marginem
945 2973 1331 3039 occupantibus
1366 2971 1616 3031 habjtum
1663 2972 1788 3017 satis

150 3108 154 3111 ,
202 3052 483 3099 diversum
509 3050 704 3097 induit.
779 3046 906 3094 Haec
927 3045 1152 3092 nonnisi
1176 3042 1240 3089 ad
1265 3041 1443 3088 littora
1466 3040 1629 3086 maris
1666 3053 1784 3104 sep-

200 3118 540 3167 tentrionalis
576 3134 604 3164 a
636 3132 728 3164 me
760 3115 893 3162 lecta
930 3123 1024 3160 est.

133 3199 251 3252 907.
298 3185 604 3236 LECIDEA
634 3183 1033 3232 acro-virens.-
1091 3187 1264 3226 crusta
1323 3175 1648 3224 tenuissima
1696 3174 1783 3219 ni-

333 3256 605 3321 gricante,
671 3251 863 3301 areolis
910 3246 1269 3316 planiusculis
1317 3245 1588 3310 contiguis
1635 3252 1781 3292 satu-
