2194 3893
449 210 566 267 524
980 183 1572 254 CRYPTOGAMIA.

580 325 664 374 W.
687 327 868 374 cirrata
883 321 1077 374 Hedw.
1103 339 1250 388 spec,
1274 341 1326 388 p.
1347 321 1490 386 6911:
1523 336 1600 371 19.
1618 323 1794 383 f.7.——
1811 336 1885 371 19.
1923 318 2088 374 Web.

715 405 772 442 ec
793 391 967 442 Molzr
991 404 1170 458 crypc.
1202 409 1253 456 p.
1285 398 1394 453 154.
1433 388 1649 439 Dillen.
1677 402 1711 438 t.
1728 397 1817 452 48.
1846 390 1880 437 f.
1903 397 1986 452 422.

509 461 647 511 Hab.
692 463 752 509 in
795 463 929 509 saxis
979 463 1130 508 siccis
1172 461 1354 523 apricis
1409 475 1502 523 per
1545 470 1754 522 partem
1784 458 2095 520 syjlvaticmn

577 530 837 577 omnium
854 530 1253 594 Lapponiarum
1268 529 1487 591 passim;
1513 527 1602 574 sed
1616 528 1674 573 in
1691 526 1897 590 alpibus
1912 528 2094 575 omni-

508 606 511 615 ·
577 596 680 645 bus
707 608 827 645 tum
841 598 1048 645 summi
1071 596 1238 660 alpini
1258 595 1370 659 jugi
1394 610 1450 641 ac
1473 596 1808 641 extimorum
1829 609 2093 658 promon-

578 666 851 713 toriorum
884 660 1128 728 Nordcap
1162 678 1348 710 versus
1381 662 1585 725 ubique
1619 662 1777 709 altius
1821 661 2096 708 adscendit

580 749 747 797 prope
764 735 962 781 nivem
987 747 1319 796 perennem,
1354 746 1518 793 quam
1555 732 1670 793 quis
1704 730 1840 776 alius
1871 744 2095 776 muscus

580 801 835 866 (excepto
878 800 1057 848 forsan
1103 764 1441 863 Polycssiclzo
1469 795 1849 861 jutzzpen'no)
1903 812 2095 860 parvos

581 869 882 933 caespitulos
907 869 1258 915 constituens.

467 988 474 995 l
643 935 833 984 Caules
858 937 950 985 vix
969 936 1109 982 ultra
1136 934 1437 980 dimidium
1462 933 1720 1011 pollicem
1745 932 1920 996 longi,
1960 946 2098 978 cras-

513 1004 755 1051 siusculi.
828 1003 973 1051 Folia
1000 1003 1241 1065 longiora
1276 1017 1441 1064 quam
1478 1003 1533 1046 in
1574 1001 1672 1046 alia
1711 1001 1944 1064 quadam
1979 1015 2097 1064 spe-

514 1073 593 1118 cie
629 1070 789 1145 hujus
819 1071 1027 1133 generis
1071 1069 1182 1114 scil.
1230 1068 1369 1114 ultra
1394 1083 1472 1114 ses
1482 1068 1781 1130 luilineaxn
1821 1069 2019 1132 longa,
2070 1082 2098 1114 e

513 1137 628 1185 basi
649 1128 928 1185 latiuscula
955 1138 1159 1184 sensim
1192 1144 1464 1182 attenuata
1509 1136 1569 1181 in
1605 1134 1841 1181 formam
1876 1133 2099 1181 subula-

485 1215 661 1264 tam,
706 1206 1030 1282 plerumque
1065 1218 1252 1251 versus
1289 1218 1469 1249 unum
1495 1202 1629 1248 latus
1653 1209 1892 1260 a1·,cuata
1929 1213 1982 1249 et
2001 1202 2100 1249 sic·

518 1274 672 1320 citate
719 1274 778 1319 in
821 1274 995 1319 varios
1046 1272 1208 1318 cirros
1242 1280 1373 1317 torta
1411 1269 1478 1317 ob
1513 1263 1920 1334 longitudinem
1942 1285 2101 1317 suam.

514 1341 809 1404 insignem.
880 1340 1052 1391 Totus
1077 1353 1297 1385 muscus
1320 1338 1378 1384 lu
1385 1339 1649 1386 {eovirens
1676 1348 1782 1389 est:
1840 1340 1962 1385 setis
1987 1337 2099 1400 pal-

512 1405 672 1466 liciis,
722 1406 831 1456 fere
873 1423 969 1455 sen
972 1406 1377 1471 ripollicaribus.
1474 1404 1720 1469 Capsulae
1757 1406 1951 1464 laeves,
2008 1405 2099 1452 fla-

515 1486 809 1523 vescentes.

651 1549 698 1595 β.
730 1544 789 1589 in
821 1542 1088 1607 lapidibus
1125 1542 1435 1590 rivulorum
1469 1541 1784 1605 alpinorum
1819 1541 2096 1604 praecipue

517 1608 583 1657 ad
622 1609 781 1657 Allak
809 1611 1019 1674 alpium
1050 1610 1378 1658 Lulensium
1409 1609 1526 1673 legi.
1620 1607 1856 1656 Crassior
1879 1624 1992 1657 esse
2016 1609 2098 1654 vi-

520 1677 705 1736 detur,
769 1678 998 1742 capsulis
1040 1678 1223 1742 paullo
1273 1676 1617 1725 crassioribus
1656 1688 1707 1724 et
1738 1676 2100 1732 brevioribus,

518 1747 1005 1801 erecto-cernuis3
1065 1756 1236 1793 rostro
1279 1745 1446 1809 longo
1491 1745 1644 1792 tenui
1691 1761 1819 1791 cum
1869 1744 2098 1806 calyptra

520 1828 732 1876 semper
766 1814 1065 1860 cohaerente
1099 1823 1150 1861 et
1185 1812 1480 1860 secedente.
1572 1812 1719 1859 Folia
1763 1810 2099 1859 subsecunda

518 1881 577 1927 in
602 1881 699 1927 hac
721 1896 817 1943 ego
846 1882 1062 1936 inveni,
1088 1895 1190 1927 nec
1211 1882 1266 1926 in
1291 1879 1627 1943 praecedente
1656 1891 1718 1926 ut
1739 1879 1900 1927 habet
1923 1879 2098 1925 Mohr.

448 1955 565 2009 579..
603 1947 889 1995 WEISSIA
921 1942 1153 2012 fugax:
1213 1947 1518 1994 caulescens
1574 1947 1880 2005 subdivisa,
1949 1946 2098 1994 soliis

650 2015 943 2062 linearibus
971 2030 1022 2060 se
1031 2025 1138 2060 tam
1164 2013 1608 2077 subaequantibus
1637 2015 1936 2072 tortilibus,
1980 2029 2098 2077 cap-

654 2083 770 2129 sula
793 2083 934 2129 obox
939 2092 1016 2128 ata
1045 2092 1266 2139 costam,
1317 2081 1557 2145 operculi
1581 2081 1798 2128 rostello
1823 2082 2064 2145 obliquo.

585 2149 672 2197 W.
695 2150 854 2214 fugax
889 2145 1086 2196 Hedts.
1113 2165 1174 2212 sp
1183 2164 1260 2196 ec.
1298 2164 1347 2210 p.
1378 2146 1459 2208 64.
1500 2148 1603 2194 tab.
1629 2149 1759 2195 XIII.
1799 2148 1834 2195 f.
1861 2157 1934 2209 5-
1962 2165 2038 2195 10.

586 2217 671 2265 W.
708 2219 882 2265 striata
919 2165 1174 2264 Sclcncdp
1189 2217 1250 2263 in
1278 2211 1449 2262 Βία).
1502 2228 1547 2262 9.
1596 2232 1648 2280 p.
1683 2226 1765 2277 55.
1842 2211 2009 2265 IsVeb.
2046 2227 2101 2262 et

723 2282 896 2332 Mola}
919 2297 1097 2351 crypt.
1136 2302 1188 2350 p.
1219 2291 1330 2344 143.
1412 2279 1585 2348 Engl.
1613 2280 1724 2331 boc.
1763 2288 1844 2340 98.
1884 2295 1919 2330 t.
1951 2291 2095 2348 1988.

581 2352 793 2417 Bryum
815 2355 1108 2417 crispatum
1144 2349 1336 2398 chlzs.
1377 2361 1412 2397 t
1525 2351 1639 2412 [²..4

517 2421 654 2469 Hab.
678 2424 734 2469 in
762 2433 894 2469 terra
920 2436 1137 2468 arenosa
1164 2432 1471 2483 cryptarum
1496 2418 1594 2466 sub
1620 2419 1844 2483 rupibus
1869 2420 2100 2467 sicciori-

585 2490 687 2537 bus
709 2491 1016 2553 positarum
1047 2488 1112 2535 ad
1144 2488 1303 2535 latera
1335 2488 1621 2533 montiunl
1643 2486 2102 2550 inferalpinorum.

583 2556 932 2606 Nordlandiae
967 2557 1172 2622 passim
1203 2556 1447 2619 copiose3
1495 2570 1665 2603 verno
1704 2565 1948 2620 tempore
1980 2570 2096 2602 ma-

586 2634 744 2672 turat.

655 2691 844 2740 Caules
867 2691 1053 2739 breves
1070 2725 1086 2750 ‚
1123 2693 1213 2738 vix
1236 2691 1458 2739 alteram
1482 2689 1685 2737 lineam
1711 2688 1881 2754 longi.
1952 2687 2100 2735 Folia

517 2772 762 2823 respectu
794 2759 1064 2808 brevitatis
1096 2771 1408 2806 caeterarum
1455 2759 1695 2821 partium
1726 2757 1883 2804 valde
1915 2756 2094 2820 longa,

515 2839 705 2892 utpote
729 2828 938 2875 caulem
963 2838 1240 2890 setamque
1276 2825 1623 2891 longitudine
1661 2824 1926 2889 aequantia
1960 2823 2096 2870 dum

513 2895 731 2942 madida
764 2905 925 2953 sunt,
970 2896 1201 2941 siccitate
1231 2894 1626 2941 contrahuntur
1651 2903 1703 2939 et
1734 2901 2094 2953 contorquen-

510 2974 622 3021 tur,
648 2974 710 3010 ut
730 2974 901 3010 setam
927 2964 1164 3009 minime
1190 2961 1482 3008 occultant.
1524 2961 1587 3009 de
1617 2970 1803 3008 caetero
1827 2968 2000 3005 exacte
2029 2958 2092 3004 li-

511 3031 693 3077 nearia
716 3041 847 3077 sunt
869 3046 936 3079 ne
961 3030 1136 3077 dicam
1158 3029 1455 3093 graminea,
1495 3027 1558 3074 ad
1584 3028 1788 3091 apicem
1813 3025 2096 3073 interdum

513 3096 867 3156 denticulata,
913 3113 1082 3145 nervo
1120 3097 1227 3144 fere
1266 3095 1608 3160 pellucidiori
1652 3093 1850 3156 (quam
1889 3092 2094 3156 reliqua

512 3165 846 3224 substantia)
881 3166 1160 3212 instructa.
1232 3163 1368 3211 Setae
1404 3173 1456 3210 et
1488 3161 1716 3225 capsulae
1753 3159 1906 3207 valde
1942 3159 2093 3224 fuga-

511 3248 590 3281 ces
604 3265 621 3294 ,
657 3243 780 3298 post
803 3232 1195 3298 dispertionem
1216 3232 1499 3281 seminum
1514 3243 1648 3280 mox
1670 3227 1906 3289 caducae,
1944 3227 2095 3295 unde
