2194 3893
364 216 476 267 ωδ
947 184 1461 258 DECANDRIA..

428 337 601 400 calyce
623 338 713 385 vix
739 336 977 400 longior,
1002 335 1264 394 trivalvi5‚
1286 335 1620 401 subtrigona.
1654 335 2013 392 Valvularum

427 417 634 455 suturae
655 408 712 452 in
738 406 1032 452 immatura
1067 403 1182 466 jam
1213 404 1424 468 capsula
1456 407 1857 469 perconspicuae
1886 419 2016 451 con-

425 485 584 522 natae.
658 472 743 520 Ob
770 474 863 520 has
897 483 1098 519 saturas
1134 471 1505 536 praeformatas
1538 487 1655 519 non
1688 483 1866 536 potest
1898 486 2016 519 non

425 542 490 588 ab
515 541 792 588 Arenariis
820 531 1079 604 distingvi
1103 540 1193 596 (in
1217 540 1415 604 quibus
1440 539 1653 604 capsula
1679 556 1856 588 revera
1881 539 2015 586 uni-

426 609 599 657 valvis
632 610 751 656 sine
783 608 911 656 ullis
935 608 1138 656 suturis
1159 607 1552 671 praef0r1natis‚
1580 617 1631 656 et
1666 606 1895 655 demum
1928 622 2017 654 su-

427 692 596 741 perne
633 678 693 724 in
716 677 936 724 lacinias
963 691 1117 724 senas
1152 675 1473 740 rumpens).
1546 675 1811 724 Primam
1839 676 2020 739 itaque

428 756 482 793 et
517 746 787 808 optimam
821 745 1062 809 speciem
1093 745 1390 791 constituet
1419 744 1479 790 in
1514 759 1709 808 genere
1752 743 2018 808 quodam-

426 813 598 862 modo
621 828 767 861 novo
783 845 799 871 ‚
839 811 903 860 ad
927 810 1076 876 quod
1099 813 1265 859 etiam
1287 812 1569 876 pertinent
1591 822 1893 876 sequentes.

360 917 475 972 253.
514 907 770 957 ALSINE
808 904 1048 972 bissora:
1086 906 1242 954 'foliis
1279 906 1543 954 subulatis
1564 906 1818 966 muticis,
1855 905 2022 970 scapis

557 976 981 1041 pubescentibus
1012 974 1353 1034 subbifloriS,
1391 974 1660 1037 calycibus
1694 976 1898 1024 trinerx
1887 973 2023 1021 ibus

560 1045 768 1093 obtusis
795 1044 1004 1107 capsula
1030 1044 1266 1108 oblonga
1288 1042 1521 1090 dimidio
1542 1042 1898 1092 brevioribus.

496 1112 740 1162 Stellaria
773 1112 960 1158 bifiora
997 1107 1167 1159 LGn.
1204 1126 1342 1158 ενι-30.
1391 1127 1447 1157 n.
1472 1121 1538 1176 59
1506 1121 1590 1176 9.5
1669 1107 1861 1159 Svarcz
1893 1126 2017 1158 nov.
2046 1133 2060 1164 ι

633 1191 746 1228 acc.
773 1176 996 1226 Scoclslz.
1041 1183 1258 1243 1783.p
1265 1176 1381 1240 .56.
1422 1179 1526 1226 tab.
1558 1197 1599 1226 ι.
1638 1178 1675 1226 f.
1703 1194 1748 1227 1.
1817 1176 2019 1247 Zoega

635 1244 841 1296 island.
857 1245 883 1281 9
953 1244 1157 1294 Pallas
1179 1258 1240 1294 ze.
1223 1196 1416 1295 Psibir.
1456 1257 1504 1309 5.
1542 1264 1595 1312 p.
1619 1245 1727 1309 54?

499 1316 696 1382 Sagina
717 1317 882 1365 ramis
909 1317 1096 1364 erectis
1120 1313 1340 1362 bifloris.
1413 1311 1585 1364 Lzffnn
1614 1314 1769 1382 lapp.
1805 1322 2003 1378 n.15ss.

430 1358 737 1447 Hab.⁵10‹;is
771 1413 970 1463 parum
997 1395 1349 1445 madentibus
1381 1397 1670 1461 praeruptis
1701 1412 1797 1460 per
1825 1394 2025 1462 jugum

499 1467 711 1531 alpium
757 1465 1212 1514 meridionalium
1263 1463 1374 1512 sere
1417 1464 1624 1528 ubique
1667 1465 1909 1528 copiose;
1965 1465 2023 1512 in

499 1535 877 1582 Tornensibus
899 1533 1111 1597 alpibus
1146 1532 1382 1596 passim,
1429 1543 1483 1579 et
1502 1532 1857 1580 Finmarkicis
1881 1539 2027 1588 τεῖος

496 1619 601 1650 :nec
624 1613 767 1650 extra
792 1602 1003 1666 alpium
1026 1600 1226 1665 jugum
1261 1600 1351 1646 vel
1384 1599 1527 1647 infra
1554 1600 1730 1649 Kask·
1747 1599 1869 1662 ajvo
1890 1601 2024 1666 Lap-

495 1672 681 1736 poniae
705 1670 956 1717 Lulensis
979 1683 1231 1732 unquam
1257 1668 1388 1714 visa.

567 1739 611 1786 E
645 1738 821 1786 radice
858 1738 961 1785 alte
991 1736 1091 1784 sub
1127 1745 1282 1782 terrae
1316 1735 1661 1800 superficiem
1694 1733 1860 1784 defixa
1883 1737 2021 1784 rami

431 1807 604 1856 :multi
620 1806 994 1871 egrediuntur,
1010 1804 1105 1868 qui
1123 1802 1358 1866 denique
1380 1804 1620 1851 abeunt‘
1606 1820 1667 1851 1n
1691 1820 2018 1852 numerosos

431 1875 676 1922 caudices
711 1885 764 1923 et
798 1874 1040 1922 stolones
1076 1871 1301 1920 foliosos
1341 1873 1618 1937 caespitem
1653 1871 1880 1937 quidem
1917 1871 2024 1920 for-

428 1953 643 1990 mantes
678 1941 770 1991 sed
801 1941 947 1989 haud
969 1941 1223 1988 densum.
1295 1939 1444 1988 Folia
1463 1941 2025 2004 plano-teretiuscula

428 2012 550 2072 sine
598 2010 709 2057 ulla
753 2011 932 2058 carina
978 2009 1066 2056 vel
1113 2024 1284 2057 nervo
1331 2009 1593 2068 notabili,
1654 2009 1891 2073 patentia
1936 2008 2027 2057 vel

427 2081 598 2127 etiam
624 2078 985 2144 divergentia;
1023 2077 1162 2124 basis
1189 2091 1386 2125 eorum
1408 2076 1687 2124 mediante
1725 2077 1916 2142 vagina
1940 2077 2023 2124 in-

428 2148 670 2211 signiore
696 2146 1110 2194 membranacea
1138 2156 1379 2192 connata.
1436 2145 1589 2210 Scapi
1610 2145 1699 2191 vel
1724 2144 2024 2209 pedunculi

426 2216 612 2279 paucis
640 2214 859 2280 paribus
883 2213 1205 2261 foliolorum
1226 2213 1520 2261 linearium
1544 2214 1743 2277 stipati,
1782 2229 2023 2277 quorum

432 2284 542 2330 duo
589 2296 635 2329 a..
662 2284 791 2331 flore
835 2283 982 2330 haud
1025 2292 1263 2338 remota3
1331 2281 1396 2330 de
1442 2293 1631 2330 caetero
1686 2281 1829 2345 scapi
1878 2295 2018 2345 saepe

430 2351 657 2398 uniflori
711 2361 764 2398 et
833 2350 1174 2398 crassiusculi
1246 2360 1494 2414 respectu
1558 2345 1829 2397 affinium.
1871 2359 2023 2408 sunt,

380 2475 383 2477 ‚
426 2419 555 2484 pilis
602 2417 860 2467 brevibus
905 2418 1104 2483 patulis
1145 2417 1518 2482 pubescentes.
1610 2417 1788 2465 Flores
1826 2432 2023 2481 parum

428 2487 599 2550 aperti
642 2486 731 2535 vel
763 2496 1008 2551 patentes
1042 2496 1203 2544 sunt,
1251 2496 1313 2533 ut
1347 2487 1514 2533 etiam
1545 2484 1646 2533 sub
1679 2500 1897 2532 summa
1919 2485 2017 2532 flo-

426 2556 690 2601 rescentia
723 2555 954 2601 nonnisi
981 2552 1534 2602 infundibuliformes
1568 2563 1840 2617 apparent.
1920 2552 2019 2600 Fo-

428 2622 558 2668 liola
589 2622 827 2685 calycina
861 2621 1184 2681 lanceolata,
1231 2622 1454 2681 obtusa,
1502 2621 1677 2668 tribus
1714 2620 1895 2669 nervis
1926 2620 2011 2668 vel

429 2691 588 2736 costis
612 2689 829 2737 elevatis
857 2690 1151 2754 insignita,
1195 2705 1421 2738 sursum
1453 2689 1770 2754 patentiora.
1840 2687 2018 2735 Petala

429 2757 603 2818 calyce
634 2772 834 2821 palum
862 2757 1111 2822 longiora
1147 2757 1414 2837 oblonga,
1463 2759 1609 2822 apice
1640 2757 1808 2804 rarius
1843 2770 2017 2803 emar-

424 2826 605 2889 ginata
627 2825 957 2889 plerumque
983 2841 1076 2872 om
1081 2826 1218 2893 pino
1242 2828 1467 2891 integra.
1515 2824 1739 2889 Capsula
1762 2822 2017 2889 oblonga,

425 2904 731 2952 attenuata,
760 2892 944 2957 calyce
965 2874 1387 2958 sesquilongior,
1425 2893 1685 2941 trivalvis.

356 2993 473 3051 954.
508 2987 764 3036 ALSINE
801 2985 1056 3036 νειιὸεῖῖα
1094 2988 1242 3036 foliis
1277 2988 1542 3045 subulatis
1576 2968 1851 3035 bisulcatis
1884 3000 2009 3034 mu·

558 3057 712 3115 ticis,
750 3059 917 3121 scapis
945 3056 1474 3121 subpubescentibus
1507 3053 1786 3113 unifloris,
1825 3053 2014 3115 calyci-

559 3123 662 3172 bus
688 3124 1021 3172 trinervibus
1052 3126 1377 3174 acuminatis
1416 3123 1628 3189 capsula
1656 3121 2019 3182 brevioribu5‚

556 3191 746 3255 petalis
785 3192 956 3254 calyce
993 3193 1359 3242 brevioribus.

495 3255 641 3308 leon
664 3259 806 3309 Tab.
827 3271 1001 3311 nostr.
1037 3261 1120 3311 VI.
1881 3323 2000 3374 Hah
