2194 3893
464 303 574 353 502
971 279 1568 339 CRYPTOGAMIA.

465 414 582 480 956.
633 413 852 463 FUCUS
886 430 1213 482 pygmaeus:
1264 415 1701 480 conglomeratus
1754 416 2134 483 subgelatino-'

665 499 755 532 sus
800 483 1511 532 dichotomo-ramulosus:
1560 484 1800 548 apicibus
1841 485 2124 534 tuberculo

665 551 901 598 solitario
927 551 1152 616 globoso
1174 561 1394 614 pertuso
1421 553 1740 600 terminatis.

601 618 656 667 F.
693 633 974 684 pygmaeus
1010 614 1233 686 Liglzqf.
1264 630 1401 667 scot.
1434 636 1486 684 p.
1525 617 1642 680 964.
1693 619 1797 667 tab.
1834 631 1916 682 32.
1963 619 2122 668 bona.

737 683 910 753 Engl.
935 684 1046 734 boc.
1084 702 1160 751 19.
1203 697 1238 734 t.
1267 698 1411 750 1532.
1505 682 2121 755 thrner.synops.fu0.

736 771 789 819 P·
817 763 927 816 258·
968 772 1024 802 n.
1045 764 1128 816 47·

601 822 806 870 Lichen
842 823 1068 870 confinis
1118 819 1263 870 Flor.
1294 820 1430 872 dan.
1459 832 1507 886 5.
1548 833 1584 872 t.
1616 827 1736 888 879.
1807 820 2023 871 Achar.
2050 821 2126 872 'li-

733 887 890 939 chen.
919 887 1115 955 prodr.
1152 908 1204 956 p.
1233 900 1351 950 203.

533 956 669 1005 Hab.
704 958 768 1005 ad
794 959 972 1006 littora
1004 959 1092 1007 vel
1114 975 1273 1023 supra
1310 961 1492 1007 littora
1522 957 1887 1007 Nordlandica
1924 968 1977 1006 et
2003 957 2127 1006 Fin-

602 1027 870 1073 marchica
896 1029 1129 1091 ubique,
1168 1027 1332 1091 idque
1356 1028 1451 1074 ubi
1476 1044 1502 1073 a
1529 1043 1753 1074 summo
1780 1026 1931 1074 fluxu
1956 1026 2128 1073 maris'

603 1093 749 1139 haud
771 1093 1072 1141 inundatur
1094 1093 1188 1141 sed
1212 1105 1429 1141 tantum
1451 1094 1552 1142 sub
1578 1095 1831 1158 procellis
1869 1094 1932 1142 ab
1961 1094 2127 1142 undis

603 1162 832 1208 marinis
868 1163 1138 1225 irrigatur.

663 1228 763 1274 Hic
788 1228 962 1276 Fucus
987 1239 1229 1292 respectu
1255 1228 1357 1275 loci
1377 1229 1690 1293 amphibius
1713 1230 1858 1277 inter
1877 1228 2048 1276 Fucos
2077 1238 2130 1276 et

533 1294 793 1342 Lichenes
819 1312 1037 1360 quoque
1061 1306 1305 1359 respectu
1324 1296 1751 1344 fructificationis
1775 1297 2025 1361 ambigit3
2066 1295 2133 1343 ad

534 1361 708 1410 Fucos
735 1365 949 1427 proprie
987 1366 1060 1410 sic
1085 1363 1254 1410 dictos
1303 1380 1398 1411 seu
1430 1365 1845 1413 tuberculiferos
1880 1366 2130 1429 proxime

535 1440 720 1500 tamen
745 1431 990 1479 accedere
1012 1430 1230 1479 videtur
1265 1428 1403 1490 (nec
1429 1432 1492 1479 ad
1511 1433 1938 1497 Sphaerococcon
1953 1433 1996 1493 ).

867 1543 915 1592 6.
965 1545 1383 1593 F1L1Fonmfis
1422 1561 1734 1595 TERETES.

467 1643 585 1695 957.
633 1632 853 1680 FUCUS
916 1631 1218 1680 aculeatus
1295 1641 1341 1687 β.
1389 1633 1663 1682 filiforniis
1722 1634 2130 1682 ramosissimus

673 1702 1084 1765 cartilagineus‚
1141 1703 1306 1749 ramis
1357 1702 1577 1749 alternis
1628 1701 2132 1766 compressiusculis

672 1771 935 1834 spinosis:
975 1769 1210 1834 spinulis
1238 1770 1505 1817 dististriis
1533 1769 1799 1817 subulatis
1823 1771 2026 1818 erectis.

601 1836 677 1884 F-
710 1837 985 1885 aculeatus
1032 1844 1079 1888 β.
1117 1838 1424 1886 muscoides
1481 1835 1715 1886 Turner.
1750 1833 2132 1904 synopsfzw.

739 1921 795 1953 n.
833 1911 916 1964 48.
1022 1901 1248 1970 Liglch.
1293 1916 1430 1952 scot.
1465 1917 1513 1952 2.
1559 1922 1612 1970 p.
1636 1903 1738 1969 926
1786 1904 2132 1964 (caudatus).

740 1970 943 2021 Pallas
978 1974 1039 2021 it.
1073 1971 1225 2021 sz'hz'r.
1249 1985 1294 2036 5.
1337 1991 1386 2022 u.
1416 1980 1497 2035 34.
1580 1969 1785 2040 Zoega
1803 1969 1880 2038 sl.
1917 1964 2126 2022 island.

742 2058 795 2105 p.
827 2053 901 2103 15.
981 2037 1166 2089 Olcws,
1193 2042 1253 2089 ic.
1281 2026 1487 2089 isiand.
1525 2059 1577 2106 p.
1603 2049 1721 2103 445.

604 2108 660 2156 F.
685 2109 992 2158 muscoides
1025 2106 1211 2157 Huds.
1242 2108 1396 2177 angl.
1429 2123 1475 2158 2.
1514 2127 1564 2175 p.
1592 2121 1711 2172 590.
1789 2105 1975 2156 Gmel.
2003 2106 2132 2156 hist.

735 2172 859 2243 fue.
909 2194 958 2241 p.
992 2189 1104 2240 150.
1146 2179 1249 2225 tab.
1281 2191 1342 2226 12
1383 2178 1519 2238 (nec
1542 2174 1797 2238 Linne'i).
1874 2175 2131 2225 Gunner.

745 2262 899 2292 norw.
939 2262 994 2292 n.
1030 2259 1177 2305 ¹07¹·

602 2311 791 2360 Planta
819 2314 944 2361 facie
973 2314 1157 2362 caudae
1179 2314 1395 2379 equinae
1416 2309 1658 2361 Μεινῑίη.
1685 2310 1991 2380 spiczberg.
2029 2322 2066 2360 t.
2093 2312 2133 2361 I.

746 2382 828 2443 fig.
870 2382 919 2426 b.
1138 2381 1140 2383 ’
1737 2408 1739 2410 -

539 2445 675 2494 Hah.
711 2448 850 2493 infra
884 2447 1065 2494 littora
1088 2448 1453 2494 Nordlandica
1487 2467 1565 2497 ex.
1594 2465 1670 2512 gr.
1699 2449 2037 2514 Kier'ringiiae
2071 2448 2132 2495 in

607 2514 782 2561 fundo
818 2516 982 2561 maris
1020 2514 1392 2579 profunditate
1430 2515 1632 2578 orgyali
1666 2517 1767 2562 sub
1812 2517 2006 2562 infimo
2051 2531 2133 2563 re-

610 2583 761 2629 fluxu
783 2616 799 2640 ,
838 2582 1111 2647 stipitibus
1135 2579 1278 2629 Fuci
1301 2579 1540 2648 digicaci
1574 2582 1773 2630 infixus
1798 2584 2134 2646 parasidcus,

608 2650 773 2713 idque
808 2649 954 2711 juxta
991 2666 1106 2698 oras
1140 2651 1428 2698 exteriores
1464 2650 1773 2698 insularum
1800 2651 2133 2708 exteriorum

609 2720 780 2765 rarius
822 2719 1053 2781 copiose.

682 2786 994 2833 Substantia
1039 2786 1273 2832 omnino
1319 2784 1653 2849 cartilaginea
1678 2794 1741 2831 ut
1765 2785 1822 2830 in
1851 2786 2132 2849 stipitibus

542 2849 689 2900 Fuci
717 2852 1012 2908 esculenti,
1051 2864 1233 2899 tamen
1257 2854 1609 2900 exsiccatione
1640 2867 1754 2899 non
1780 2868 1977 2915 parum
2001 2870 2131 2901 con-

543 2922 778 2968 trahitur
819 2933 871 2969 et
900 2937 1095 2986 parum
1142 2920 1344 2985 rigidus
1403 2920 1594 2968 evadit.
1687 2917 1848 2966 Color
1896 2921 2031 2968 dum
2071 2923 2133 2970 in

542 2991 684 3036 mari
723 2989 875 3054 degit
919 2989 1191 3037 olivaceus
1242 2998 1321 3037 est
1368 2998 1431 3034 ut
1481 2990 1538 3034 in
1574 2987 1874 3050 plerisque,
1941 2989 2030 3036 sed
2075 2991 2134 3037 in

545 3059 667 3104 aere
693 3070 1064 3113 evectusniox
1087 3057 1264 3103 laetius
1289 3055 1504 3101 virescit
1533 3054 1620 3101 vel
1641 3057 1889 3117 prasinus
1924 3057 2134 3115 evadit,

547 3140 712 3180 Quem
737 3125 976 3172 colorem
997 3125 1238 3188 plerique
1265 3122 1373 3168 fuci
1398 3122 1623 3167 nonnisi
1643 3124 1926 3185 coquendo
1951 3125 2133 3189 acqui-

533 3184 693 3240 t‘unt.
768 3193 1007 3257 Longius
1044 3201 1228 3237 autem
1262 3187 1723 3236 vicissitudinibus
1759 3192 1894 3238 aeris
1924 3194 2133 3256 exposi-

547 3267 632 3304 tus
669 3259 901 3308 rubescit
941 3269 1002 3305 ut
1045 3259 1162 3314 alii,
1215 3271 1321 3319 quo
1358 3256 1535 3305 colore
1565 3259 1726 3306 etiam
1759 3274 2027 3324 papyrum
2065 3257 2133 3307 ad

538 3325 930 3383 *adsiccandum
956 3324 1264 3372 adhibitum
1290 3324 1464 3388 tingit.
