2194 3893
410 263 523 328 156
958 260 1505 315 POLYANDRIA.

420 436 422 439 .
473 403 617 440 tum.
687 392 862 443 Radix
886 394 1167 444 interdum
1190 411 1308 443 non
1338 411 1535 461 parum
1570 396 1836 446 tuberosa.
1914 398 2060 447 Folia

471 461 619 510 haud
643 472 846 510 ternata
869 465 979 511 nisi
1003 465 1058 511 in
1085 465 1338 511 maximis
1363 465 1788 529 exemplaribus,
1835 465 1924 514 secl
1945 466 2059 545 ple-

474 543 714 594 rumque
739 533 996 596 tripartita
1017 543 1068 580 et
1090 530 1392 591 multifida3
1440 533 1504 580 de
1536 545 1724 581 caetero
1761 536 2060 582 carnosius-

475 598 610 645 cula
701 600 918 664 Vaginae
963 600 1228 647 foliorum
1255 602 1532 665 praecipue
1569 601 1911 650 caulinorum
1941 602 2060 649 bar-

470 664 610 713 batae
632 678 762 715 sunt
785 668 870 716 vel
896 667 1249 733 Ferrugineo-
1283 669 1486 717 ciliatae.
1580 669 1784 716 Foliola
1827 670 2063 734 calycina

472 733 630 782 valde
665 751 893 783 concava
920 747 973 784 et
1009 736 1181 801 petala
1219 731 1543 801 plerumque
1580 739 1649 785 ita
1693 738 2004 785 connivent.
2015 752 2062 795 a,

472 811 538 848 ut
574 811 719 851 totus
757 803 853 851 flos
888 803 1267 869 subglobosus.
1353 803 1518 859 Color
1551 804 1697 854 floris
1733 806 1874 854 inter
1910 804 2063 852 rubi-

477 863 690 918 cundus
715 882 767 918 et
789 872 1100 920 albissimus
1126 875 1309 920 variat.

406 941 525 1000 284.
563 937 1047 988 RANUNCULUS
1074 939 1445 1006 lapponiczts:
1483 938 1623 986 foliis
1652 941 1925 1004 tripartitis
1966 939 2062 987 ob-

608 1008 743 1054 tusis
765 1008 979 1064 incisiS,
1019 1004 1169 1057 caule
1189 1020 1410 1072 repente
1435 1007 1811 1067 subterraneo,
1847 1007 2062 1073 pedun-

614 1074 750 1122 culis
811 1075 1091 1134 unifloris,
1163 1077 1446 1124 seminum
1488 1086 1661 1122 rostro
1711 1077 1927 1124 dilatato
1976 1091 2065 1124 re-

616 1157 800 1189 curvo.
873 1140 1031 1190 Icon.
1060 1143 1164 1191 tab.
1188 1155 1357 1191 nostr.
1384 1144 1508 1191 VH}
1543 1143 1580 1190 f.
1608 1156 1655 1191 2.
1894 1180 1899 1184 -

541 1207 609 1257 R.
646 1209 966 1274 lapponicus
992 1207 1163 1261 Lina.
1188 1227 1331 1261 suec,
1357 1227 1414 1259 n.
1436 1222 1554 1275 505.
1610 1210 1843 1278 lappon.
1867 1227 1927 1260 11.
1950 1218 2066 1273 251.

679 1277 839 1340 tab.5
845 1278 918 1326 ..f
942 1284 991 1341 4.

473 1342 614 1394 Hah.
647 1345 780 1394 locis
813 1346 1104 1412 uliginosis
1137 1348 1350 1398 limosis
1380 1364 1477 1413 per
1509 1359 1717 1414 partem
1747 1348 2068 1412 subsylvati-

486 1424 487 1427 ’
549 1429 669 1461 cam
714 1414 1123 1479 Lapponiarum
1180 1418 1509 1465 svecicarum
1558 1416 2074 1481 septentrionalium

545 1497 629 1538 ex.
663 1497 740 1546 gr.
780 1483 845 1529 ad
878 1483 1179 1532 Enontekis
1222 1494 1274 1532 et
1306 1484 1594 1532 Idivuonia
1618 1486 1911 1548 Lapponiae
1936 1484 2072 1531 Tor-

543 1551 733 1598 :nensis
773 1551 943 1598 rarius
958 1565 973 1607 ;
1029 1562 1082 1599 at
1123 1553 1183 1599 in
1222 1553 1498 1616 Lapponia
1531 1552 2074 1616 Uniensi'praecipue

545 1616 903 1680 subsylvatica
946 1618 1259 1683 frequenter
1300 1635 1325 1666 a
1369 1620 1490 1667 lacu
1536 1620 1756 1667 Ortrssisk
1801 1635 1973 1683 usque
2008 1619 2072 1665 ad

544 1684 745 1733 Risna's
793 1685 939 1735 lacus
990 1687 1365 1746 Vindelensis,
1422 1687 1678 1752 inprimis
1721 1686 1791 1734 acl
1829 1687 2076 1735 fontium

545 1752 873 1817 frigidarum
900 1755 999 1801 riv
991 1754 1126 1802 ilos.

610 1820 851 1869 Obscura
902 1822 1174 1886 plerisque
1217 1821 1527 1871 auctoribus
1573 1832 1654 1871 est
1691 1822 1808 1872 haec
1850 1823 2075 1889 species,

475 1904 583 1938 nec
620 1887 737 1951 ejus
774 1885 1003 1938 affinitas
1038 1891 1162 1938 satis
1196 1891 1479 1955 explorata.
1554 1891 1707 1938 Mihi
1744 1891 1969 1955 quidem
2002 1888 2073 1940 R.

478 1957 710 2022 repenti
732 1953 797 2004 L.
822 1959 1070 2022 proxima
1096 1957 1330 2006 videtur.
1399 1958 1607 2007 Dubito
1631 1974 1708 2007 an.
1722 1961 1908 2023 potius
1933 1959 2073 2008 dice-

476 2041 599 2073 rem
622 2024 859 2075 radicem
881 2040 995 2074 esse
1025 2036 1338 2090 repentem,
1377 2042 1446 2073 an
1484 2028 1721 2084 caulem3
1769 2043 1897 2075 narn
1937 2043 2072 2092 quos

475 2088 659 2141 Linne
689 2092 825 2141 dixit
859 2095 1035 2143 caules
1067 2095 1159 2142 vix
1191 2095 1297 2141 nisi
1325 2094 1626 2160 pedunculi
1659 2106 1790 2144 sunt
1822 2112 1885 2144 ex
1921 2095 2087 2142 axilla⁴

474 2161 746 2209 foliorum
803 2163 924 2209 orti.
1011 2161 1319 2212 Pedunculi
1377 2173 1429 2211 et
1474 2162 1622 2211 Folia
1667 2163 1816 2212 iconi
1862 2159 2076 2211 Limze'z‘

474 2230 689 2293 optime
716 2230 1090 2290 conveniunt,
1128 2240 1184 2279 et
1201 2229 1525 2295 glaberrima
1549 2241 1699 2279 sunt.
1762 2231 1983 2280 Semina
2012 2233 2072 2278 in

476 2297 712 2362 capitulo
739 2298 960 2364 singulo
983 2313 1152 2363 pauca
1174 2308 1305 2360 sunt
1326 2299 1420 2346 vix
1437 2298 1576 2347 ultra
1599 2297 1799 2359 6velss;
1838 2315 2073 2364 superne

474 2364 775 2430 appendice
807 2365 1091 2414 latiuscula
1116 2382 1452 2431 compressa,
1478 2367 1677 2432 repleta
1710 2367 1918 2415 cellulis
1953 2378 2073 2414 tan-

474 2443 604 2481 tum
627 2433 935 2498 spongiosis
964 2445 1019 2483 et
1042 2434 1349 2498 diaphanis;
1377 2449 1499 2499 quae
1524 2434 1792 2499 appendix
1811 2436 2071 2484 termina-

475 2510 570 2549 tur
603 2500 742 2563 stylo
777 2501 1125 2567 longiusculo
1147 2536 1165 2562 ,
1220 2517 1468 2551 recurvo.
1553 2502 1675 2551 Flos
1709 2519 1907 2569 parum
1942 2517 2070 2551 con-

476 2568 558 2634 8Ρὲ
551 2583 725 2616 .cuus:
762 2569 951 2644 petalis
973 2570 1145 2632 calyce
1166 2585 1363 2634 parum
1386 2569 1744 2635 longioribus.

608 2631 773 2701 Expl
772 2636 950 2684 icacio
973 2638 1182 2685 iconis.-
1219 2653 1263 2685 a.
1288 2638 1594 2702 capitulum
1615 2638 1873 2688 seminale
1884 2653 2068 2703 magn.

477 2703 711 2753 natural.
782 2702 836 2751 b.
874 2719 1064 2754 semen
1089 2706 1372 2769 integrum
1394 2705 1561 2770 duplo
1598 2717 1834 2754 auctum.
1906 2721 1950 2757 c.
1988 2721 2070 2754 se-

477 2787 613 2820 men
635 2771 1112 2835 longitudinaliter
1133 2772 1430 2821 dissectum
1456 2773 1623 2837 duplo
1652 2785 1891 2822 auctum.

411 2846 530 2903 985.
588 2837 1078 2889 RANUNCULUS
1136 2839 1381 2889 nivalis:
1473 2840 1620 2888 foliis
1677 2838 2068 2890 reniformibus

610 2907 999 2971 quinquelobis
1042 2909 1443 2974 integerrimis,
1490 2909 1640 2956 caule
1676 2907 1939 2966 unifloro‚
1989 2924 2070 2956 ca·-

608 2975 727 3038 lyce
758 2976 1002 3036 hirsuto,
1050 2976 1356 3025 seminibus
1396 2978 1634 3025 rostratis
1665 2976 1835 3025 rectis.
1929 2973 2051 3023 Ico
2040 2992 2072 3024 z

615 3042 746 3090 Tab.
771 3054 943 3093 nostr.
983 3043 1114 3092 VIII.
1153 3043 1190 3091 f.
1218 3056 1268 3107 5.
1324 3044 1327 3046 ’

546 3109 614 3160 R.
648 3110 848 3160 nivalis
905 3111 1077 3160 Limz.
1110 3121 1248 3160 soso.
1296 3128 1354 3159 11.
1391 3121 1508 3174 502.
1581 3107 1810 3174 Ιαρροη.
1859 3126 1916 3157 n.
1952 3122 2068 3174 252.

687 3177 793 3226 tab.
820 3191 868 3243 5.
912 3179 947 3227 f.
973 3194 1021 3229 2.
1098 3177 1288 3228 Cranz
1312 3169 1631 3246 groemlalid.
1668 3201 1737 3209 -
1788 3172 2068 3228 VVzllden.

687 3261 835 3310 spec.
859 3245 937 3311 pl.
970 3260 1020 3296 2
1058 3264 1113 3313 p.
1142 3259 1287 3311 1521.
1312 3214 1569 3310 &Hoppe
1591 3241 1877 3294 casclzenb.
1923 3255 2069 3308 1800.

686 3329 740 3379 p.
770 3320 866 3376 ²84
887 3343 910 3355 -
934 3322 1045 3380 189.
