2194 3893
347 2395 380 2431 Ἣ

1022 201 1446 283 DIANDRIIA.

537 340 598 389 V.
633 337 909 386 maritima
948 312 1258 383 Glanum-us
1277 330 1424 397 flor.
1476 348 1532 380 n.
1566 336 1648 393 74.
1720 328 1800 381 Η.
1837 329 1972 382 dan.
1998 328 2060 396 ’5.

678 416 715 453 t.
733 411 849 467 574.
895 399 1179 453 VVz'llden.
1207 417 1356 468 speC.
1399 417 1442 447 1.
1480 417 1533 465 p.
1553 410 1633 462 55.
1679 395 1843 450 Wzlzl.
1874 417 2060 450 enum.

684 490 726 521 1.
764 490 816 537 p.
841 470 923 532 56.
1755 503 1758 506 .

540 541 877 606 Lysimachia
903 541 1097 603 spicata
1123 537 1375 592 caerulea,
1422 536 1482 582 in
1505 535 1706 584 Misnia
1741 546 1834 584 etc.
1893 534 2058 586 Burs.

679 609 827 657 herb.
852 608 980 656 XIV.
1018 625 1073 654 n.
1106 616 1180 667 15.

544 677 901 743 Lapponibus
939 673 1263 722 Finniarkiae
1292 667 1776 722 sonaim-heina.
1845 673 2060 724 Fenno-

713 745 877 792 nibus
900 742 1276 791 Tornensibus
1301 737 1611 787 Mecciesen
1625 769 1650 777 -
1664 738 1822 790 lsuka.

480 815 617 863 Hah.
640 814 770 861 locis
795 811 1035 860 herbosis
1066 808 1417 868 subhumidaeis
1448 809 1750 872 praesertim
1779 808 1924 872 juxta
1960 809 2060 857 Hu-

549 884 667 930 vios
690 897 786 945 per
814 891 1026 939 partem
1058 879 1370 940 sylvaticam
1407 888 1458 924 et
1489 873 1899 938 subsylvaticam
1928 879 2063 941 Lap-

547 950 732 1016 poniae
765 949 1055 996 Kemensis
1094 957 1146 993 et
1185 946 1483 992 Tornensis
1525 944 1855 1007 frequenter3
1915 956 1976 993 ut
2010 955 2063 992 et

549 1033 740 1066 versus
788 1016 1030 1063 fundum
1073 1016 1303 1062 sinuum
1346 1013 1510 1059 mari-s
1562 1013 1621 1058 in
1663 1011 1964 1061 Finmarkia
2008 1023 2061 1059 et

550 1084 887 1135 Nordlandia
910 1081 1320 1143 septentrionali
1339 1081 1558 1144 passim.
1631 1080 1692 1127 In
1727 1079 1850 1128 locis
1883 1080 2061 1129 subal·
2104 1100 2108 1103 ·
2155 1094 2163 1095 ’

551 1154 695 1219 pinis
721 1168 895 1216 usque
922 1150 985 1198 ad
1010 1150 1299 1197 Naimacka
1322 1149 1483 1213 Lapp.
1509 1149 1804 1196 Tornensis
1837 1160 1887 1196 et
1908 1149 2061 1195 Rivi-

553 1222 708 1270 koski
733 1222 893 1285 Lapp.
919 1219 1209 1266 Kemensis
1234 1217 1403 1264 rarius
1430 1215 1732 1272 adscendit3
1779 1216 1866 1264 sed
1897 1219 1954 1263 in
1988 1215 2062 1262 al·
2130 1240 2133 1242 ,

554 1291 699 1354 pinis
733 1299 797 1335 ut
831 1298 883 1335 et
913 1287 1306 1352 promontoriis
1339 1284 1664 1337 Finrnarkiae
1697 1284 1836 1332 haud
1865 1285 2063 1349 reperi-

555 1370 673 1415 tur,
710 1372 810 1404 nec
835 1357 892 1402 in
918 1357 1079 1420 Lapp.
1103 1353 1558 1402 meridionalibus
1582 1354 1712 1400 visa.

628 1425 765 1492 Quae
798 1425 858 1471 in
890 1424 971 1471 his
1021 1423 1147 1469 locis
1192 1422 1376 1470 crescit
1417 1431 1595 1468 exacte
1639 1417 1705 1467 Is.
1740 1415 2065 1489 Zongzsolice

490 1489 730 1541 Sclzu‘td.
758 1494 816 1539 in
838 1491 1127 1555 Germania
1145 1490 1494 1555 provenienti
1529 1489 1812 1546 convenit,
1857 1500 1909 1536 et
1941 1489 2064 1536 satis
2092 1546 2095 1548 .

491 1562 701 1609 differre
733 1559 950 1608 videtur
983 1575 1009 1606 a
1052 1555 1118 1608 V
1144 1559 1439 1606 maritima
1472 1557 1536 1604 ad
1569 1556 1748 1603 littora
1771 1557 2067 1605 Tornensia

492 1640 761 1678 crescente
797 1639 849 1676 et
881 1629 939 1675 in
973 1628 1247 1691 Lapponia
1282 1625 1457 1673 adhuc
1500 1641 1616 1672 non
1667 1635 1882 1689 reperta.
1964 1622 2069 1671 Sed-

489 1698 637 1763 quod
660 1697 722 1743 ad
746 1696 1066 1742 characteres
1088 1694 1286 1759 quibus
1322 1710 1348 1741 a
1380 1709 1435 1741 se
1471 1694 1711 1747 invicem
1737 1694 2067 1758 distinguan-

491 1779 581 1813 tur
614 1763 807 1811 multae
841 1762 1014 1809 adhuc
1039 1757 1726 1809 obveniunt'difficultates.
1806 1759 1907 1807 Ubi
1939 1759 2068 1807 folia

490 1834 551 1881 V.
585 1826 907 1900 longzsolioe
930 1830 1240 1894 angustiora
1277 1827 1516 1875 evadunt
1558 1843 1698 1890 saepe
1730 1828 2069 1891 reperiuntur

493 1903 614 1949 sine
636 1901 845 1948 cordata
872 1898 1038 1954 basi3'
1066 1908 1118 1945 et
1149 1898 1210 1943 in
1236 1896 1295 1942 V.
1320 1896 1617 1942 nzczrz'aeffz‘rmcz
1655 1895 1775 1942 folia
1799 1910 1932 1959 saepe
1957 1905 2084 1957 tani*

491 1970 598 2017 lata
651 1977 944 2016 occurrunt
989 1976 1051 2013 ut
1091 1964 1156 2012 ad
1198 1964 1352 2011 basin
1396 1964 1630 2010 omnino
1677 1963 1877 2010 cordata
1920 1972 2065 2011 sunt.

416 2056 419 2060 ’
489 2037 728 2101 Ideoque
757 2035 988 2083 nonnisi
1016 2034 1327 2081 levissimus
1373 2031 1636 2079 character
1668 2031 1728 2077 in
1770 2030 1875 2077 basi
1911 2030 2067 2078 folio-

493 2122 623 2155 rum
653 2104 931 2161 consistit,
979 2112 1030 2150 et
1063 2101 1128 2148 ad
1159 2116 1453 2148 summurn
1496 2110 1716 2145 tantum
1751 2098 1849 2145 dici
1870 2110 2070 2162 potest,

495 2171 640 2238 quod
674 2171 804 2219 folia
834 2171 893 2217 in
929 2169 987 2216 V.
1014 2165 1327 2237 longifolaicz
1360 2169 1531 2232 magis
1568 2168 1622 2213 in
1647 2166 1910 2214 cordatam
1932 2166 2068 2230 figu-

491 2257 611 2291 ram
633 2255 804 2306 prona
827 2248 974 2285 sunt.
1046 2237 1327 2285 Differunt'
1355 2238 1525 2301 magis
1560 2235 1745 2282 habitu
1779 2244 1829 2282 et
1846 2234 2068 2281 fructifi-

493 2310 736 2365 catione,
785 2305 931 2370 quod
975 2304 1199 2369 quidem
1237 2300 1466 2352 difficile·
1493 2303 1830 2362 describitur,
1885 2303 2067 2350 sedin

496 2375 744 2439 sequenti
771 2373 1131 2436 descriptione
1155 2373 1514 2436 comparativa
1542 2373 1854 2435 exprimam.

566 2439 635 2492 V.
662 2435 1003 2508 longz'solz'cz:
1062 2440 1222 2487 caulis
1255 2440 1475 2498 viridis,
1523 2441 1791 2503 praecipue
1819 2438 1874 2484 in
1900 2438 2066 2486 varie-

626 2520 734 2557 tate
775 2507 958 2556 bifolia
998 2507 1061 2555 ad
1097 2508 1340 2573 genicula
1381 2523 1496 2554 non
1532 2523 1729 2571 parum
1766 2505 2066 2568 angulatus,

627 2577 802 2640 magis
841 2575 1173 2638 pubescens,
1213 2592 1427 2639 semper
1461 2577 1697 2628 strictus*
1762 2573 1903 2621 Folia
1924 2584 2068 2620 satu..

624 2656 737 2706 rate
759 2644 949 2691 viridia
973 2644 1197 2691 obscura
1229 2642 1365 2703 (nec
1386 2643 1683 2707 glabram),
1729 2642 1877 2688 venis
1910 2639 2067 2688 obso-

619 2714 770 2768 letis;
809 2712 1087 2759 serraturis
1122 2721 1186 2758 ut
1215 2713 1274 2759 in
1305 2712 1465 2759 Icone
1491 2709 1860 2758 Schraderiana
1883 2710 2067 2757 minus

624 2781 840 2838 crebris,
865 2781 1053 2827 minus
1078 2779 1366 2843 profundis
1391 2789 1485 2825 etc.
1558 2778 1711 2842 Spica
1739 2776 1841 2824 fere
1857 2791 2068 2837 semper

623 2850 804 2906 unica,
833 2847 1068 2895 solitaria
1090 2848 1285 2895 sessilis
1311 2849 1369 2893 in
1392 2848 1537 2910 apice
1562 2846 1726 2893 caulis
1758 2841 1890 2904 (nec
1917 2842 2065 2891 fasci-

623 2918 733 2966 culi
758 2915 961 2972 adsunt,
982 2915 1165 2961 foliosi
1189 2917 1244 2961 in
1271 2914 1499 2972 axillis),
1539 2930 1704 2978 eaque
1730 2913 1919 2967 stricta,
1943 2911 2064 2958 lon.

624 2985 845 3050 gissima
871 2993 1063 3046 etpost
1095 2982 1490 3030 florescentiam
1523 2982 1741 3029 bracteis
1774 2977 2064 3026 setif0rmi-

622 3053 724 3100 bus
758 3050 1207 3114 prominentibus
1238 3061 1291 3097 et
1321 3051 1524 3097 laciniis
1560 3047 1803 3111 calycinis
1827 3060 1926 3092 nec
1950 3063 2064 3095 non

621 3119 839 3185 pistillis
867 3134 931 3165 ex
953 3120 1243 3183 aggregatis
1269 3117 1490 3165 fioribus
1514 3119 1585 3164 ita
1617 3115 1856 3177 undique
1881 3112 2062 3161 obval-

617 3188 751 3245 lata,
777 3196 841 3232 ut
871 3187 1096 3233 caudam
1149 3186 1375 3232 felinam
1431 3179 1834 3248 quonammodo
1884 3179 2062 3231 refert.

583 3291 586 3293 -
618 3254 855 3306 Bracteae
877 3253 1066 3317 calycis
1083 3253 1300 3303 lacinias
1326 3253 1577 3304 multum
1603 3257 1928 3316 superantes,
1963 3249 2060 3300 Pe.
