2194 3893
471 265 548 327 δεῖ
1032 255 1539 312 HEXANDRJA.

536 393 871 458 ramulisque
928 389 1208 439 omnibus
1237 389 1465 452 cymosis
1513 382 1804 451 fastigiatis.
1897 386 2124 437 Flosculi

537 477 731 510 omnes
754 460 1086 525 pedicellati,
1121 458 1332 505 minuti
1368 467 1430 504 ut
1463 457 1521 503 in
1556 457 1715 502 Minio
1748 454 1935 504 effuso.
2022 456 2122 503 Fo-

537 529 666 576 liola
691 530 919 591 calycina
949 539 1056 575 tota
1078 526 1324 575 brunnea
1347 525 1466 572 sine
1495 523 1834 588 marginibus
1861 517 2125 582 scariosis,

538 607 720 656 acuta,
755 598 988 656 nlutica,
1035 593 1264 659 capsulis
1289 608 1485 656 parum
1514 591 1774 639 breviora.
1847 591 2009 639 Color
2042 601 2123 638 to-

541 668 648 713 tius
682 665 950 730 paniculae
985 663 1197 711 dilute-
1222 661 1537 720 brunnens,
1587 658 1850 707 foliorum
1883 677 1999 708 non
2033 674 2127 724 pa·-

539 749 670 782 1um
689 733 1046 781 rubicundus.

670 803 710 849 J.
742 798 1043 869 glabraczts
1062 795 1272 864 Hoppe
1304 795 1433 843 huic
1464 795 1724 843 convenit
1755 795 1937 842 culmo
1968 795 2127 842 folio-

543 885 631 926 so;
669 872 759 917 sed
789 869 996 917 differre
1015 867 1233 916 videtur
1259 864 1484 913 floribus
1511 863 1716 929 dupplo
1752 862 2049 926 majoribus
2077 873 2131 911 et

543 937 766 997 bracteis
794 937 1093 984 fimbriatis.
1923 968 1934 973 -

481 1002 593 1070 165.
630 1005 894 1053 JUNCUS
918 1001 1253 1071 spadiceus:
1292 1002 1436 1050 foliis
1470 1000 1649 1065 planis
1683 997 1909 1065 glabris,
1945 996 2131 1046 culmo

678 1073 968 1129 subnudo,
1015 1072 1265 1136 panicula
1302 1085 1519 1133 cymosa
1553 1067 1953 1131 decomposita,
2012 1065 2132 1112 bra-

681 1144 808 1189 cteis
834 1140 1222 1204 bracteolisque
1246 1138 1550 1196 fimbriatis,
1581 1135 1800 1184 fioribus
1823 1133 2133 1182 lateralibus

681 1209 1021 1273 pedi-cellatis.

613 1276 653 1325 J.
692 1278 971 1342 spadiceus
1017 1272 1243 1324 Allion.
1292 1268 1517 1339 pedem.
1566 1288 1623 1319 n.
1670 1275 1822 1332 2083.
1924 1265 2138 1328 Wllars

648 1357 655 1360 ·
747 1341 938 1409 delph.
977 1357 1025 1394 ρ.
1064 1361 1116 1409 p.
1155 1340 1274 1406 236.
1321 1353 1359 1390 t.
1407 1338 1457 1388 6.
1557 1334 1839 1400 Wllden.
1888 1352 2038 1402 spec,
2086 1349 2136 1386 2.

747 1430 801 1478 p.
826 1420 941 1473 218.

619 1481 662 1528 J.
688 1483 899 1545 pilosus
923 1488 968 1533 β.
994 1477 1167 1529 Linn.
1194 1493 1334 1528 sveC.
1359 1493 1416 1524 n.
1442 1481 1559 1539 508.

616 1549 659 1597 J.
685 1549 828 1597 foliis
853 1549 1028 1614 planis
1050 1583 1065 1609 ,
1106 1547 1290 1597 culmo
1313 1545 1622 1611 paniculato
1649 1554 1747 1593 etc.
1807 1538 1979 1592 Limz.
2013 1541 2140 1608 Ζαρ-

663 1619 671 1640 ·
747 1634 882 1684 pon.
908 1634 963 1665 n.
993 1627 1109 1679 124.
1250 1617 1252 1623 ’

618 1684 857 1733 Gramen
884 1686 1093 1733 hirsuto
1117 1683 1309 1732 simile.
1383 1677 1623 1728 Bur-seri
1644 1676 1798 1727 herb.
1826 1695 1871 1727 1.
1895 1694 1952 1726 n.
1976 1689 2060 1738 92.

616 1754 658 1801 J.
696 1754 1029 1819 glabrescens
1067 1748 1322 1799 Sclzrank
1358 1747 1489 1816 hay.
1514 1745 1590 1814 sl.
1628 1765 1685 1796 n.
1722 1745 1842 1811 566.
1930 1743 2143 1812 Hoppe

751 1818 1037 1870 casclzenb.
1078 1825 1223 1877 ³80¹·
1255 1836 1307 1884 p.
1341 1829 1456 1880 252.

553 1887 687 1937 Hab.
728 1889 861 1938 locis
901 1891 1052 1937 siccis
1092 1888 1371 1951 (lurisper
1412 1886 1575 1933 latera
1613 1885 1875 1932 omnium
1911 1882 2141 1947 alpium,

622 1959 787 2006 etiam
821 1959 1227 2004 maritimarum
1262 1956 1429 2003 totius
1465 1951 1824 2011 Finmarkiae,
1862 1950 1972 1999 fere
2017 1950 2142 1997 ubi-

622 2042 727 2090 que
777 2025 1115 2089 frequentem
1175 2026 1234 2071 in
1284 2022 1511 2070 salicetis
1561 2021 1772 2085 alpium
1817 2018 2144 2066 Lulensium

623 2110 840 2159 quoque
862 2095 1067 2158 passim
1093 2091 1371 2141 descendit
1394 2090 1578 2153 ibique
1601 2098 1802 2136 nutans
1827 2086 2020 2135 evadit.

688 2160 1026 2210 Praecedenti
1056 2166 1195 2208 certe
1221 2158 1544 2207 simillimus
1563 2191 1576 2214 ‚
1626 2167 1861 2203 attamen
1884 2153 2067 2201 habitu
2092 2163 2145 2202 et

554 2229 945 2277 characteribus
985 2230 1110 2276 satis
1146 2227 1453 2275 distinctus.
1525 2224 1674 2274 Folia
1713 2222 1893 2272 multo
1926 2222 2145 2269 minora

555 2300 713 2345 omni
737 2297 1118 2355 dimensione,
1155 2306 1208 2344 et
1232 2296 1475 2359 opaciora
1498 2309 1600 2341 nec
1621 2307 1738 2339 non
1760 2299 1989 2339 saturate
2012 2291 2144 2336 viri-

557 2365 658 2413 dia.
727 2363 959 2413 Culmus
988 2365 1202 2413 inFerne
1225 2378 1340 2410 uno
1362 2363 1598 2410 alterove
1622 2360 1755 2407 folio
1777 2367 2017 2415 ornatus,
2055 2373 2145 2404 su-

558 2449 729 2498 perne
752 2434 987 2480 omnino
1013 2433 1230 2489 nudus,
1265 2431 1594 2495 plerumque
1617 2424 1879 2476 nonnihil
1912 2424 2144 2474 brevior.

555 2501 789 2549 Bracteae
810 2500 874 2547 ad
900 2501 1051 2548 basin
1074 2499 1342 2565 paniculae
1366 2510 1719 2562 squamaceae,
1755 2491 2144 2542 rubro-fuscaez

558 2568 901 2634 marginibus
926 2569 1165 2616 scariosis
1192 2577 1248 2615 et
1270 2566 1504 2629 hyalinis
1528 2566 1588 2612 in
1611 2562 1847 2612 fimbrias
1881 2576 2147 2608 numero-

561 2652 642 2683 sas
666 2647 856 2684 tenues
889 2636 1107 2694 divisis,
1146 2649 1275 2699 quas
1307 2643 1502 2698 praeter
1522 2632 1760 2679 fimbrias
1786 2627 1929 2676 nulli
1952 2629 2009 2675 in
2035 2639 2146 2676 tota

559 2704 744 2768 planta
783 2703 981 2751 adsunt
1025 2703 1139 2767 pili.
1211 2701 1508 2751 Bracteolae
1558 2699 1668 2748 fere
1715 2706 1841 2745 totae
1888 2695 2146 2758 hyalinae,

565 2771 868 2820 fimbriatae.
940 2770 1196 2818 Panicula
1220 2769 1401 2817 multo
1425 2769 1624 2828 rarior,
1659 2772 1760 2814 ne'c
1781 2779 2030 2827 unquam
2054 2780 2146 2811 su-

569 2838 1068 2905 prade'composita3
1119 2839 1284 2886 ramis
1333 2836 1594 2885 omnibus
1629 2832 1894 2898 cymosis,
1945 2843 2146 2879 erecto·
2185 2837 2187 2839 ’

564 2908 912 2972 patentibus,
958 2923 1058 2955 nec
1092 2908 1203 2955 nisi
1239 2914 1518 2955 senectute
1545 2899 1884 2951 nutantibus.
1964 2899 2145 2947 Flores

563 2975 709 3040 quod
736 2975 803 3022 ad
822 2975 1239 3040 dispositionem
1263 2983 1440 3022 exacte
1464 2982 1528 3019 ut
1557 2972 1615 3017 in
1645 2965 2009 3032 praecedente,
2055 2967 2149 3015 sed

569 3043 880 3108 grandiores
915 3054 1047 3090 sunt
1080 3043 1167 3090 vel
1202 3043 1496 3090 crassiores.
1567 3034 1765 3085 Foliola
1798 3033 2032 3096 calycina
2063 3036 2152 3082 ni-

569 3126 701 3176 gro·
717 3111 884 3169 fusca,
919 3110 1011 3159 sed
1033 3126 1164 3174 apex
1186 3122 1238 3156 et
1259 3109 1532 3172 margines
1555 3103 1682 3162 albi,
1717 3101 1940 3163 hyalini.
2012 3101 2149 3168 Cap-

571 3179 688 3227 sula
717 3180 938 3226 crassior
960 3189 1013 3226 et
1032 3178 1250 3226 brevior
1272 3191 1385 3225 esse
1414 3173 1658 3229 videtur,
1694 3170 1852 3234 nigro
1867 3197 1889 3207 -
1907 3168 2067 3218 fusca.

701 3246 892 3311 Figura
916 3245 1266 3308 Schevchzeri
1290 3241 1433 3292 bona
1459 3239 1692 3288 omnino
1715 3248 1825 3293 est,
1873 3237 2150 3285 habitum·
2182 3287 2183 3291 ,

571 3330 676 3379 que
711 3313 1138 3379 graminis-bene
1164 3310 1394 3360 exhibet.
1475 3306 1838 3373 Synonymon
1859 3300 2069 3353 Linnez·
2101 3314 2156 3355 et
2178 3309 2183 3378 J
