<?xml version="1.0" encoding="UTF-8"?>
<!DOCTYPE html PUBLIC "-//W3C//DTD XHTML 1.0 Transitional//EN"
    "http://www.w3.org/TR/xhtml1/DTD/xhtml1-transitional.dtd">
<html xmlns="http://www.w3.org/1999/xhtml" xml:lang="en" lang="en">
 <head>
  <title>
</title>
<meta http-equiv="Content-Type" content="text/html;charset=utf-8" />
  <meta name='ocr-system' content='tesseract 3.04.00' />
  <meta name='ocr-capabilities' content='ocr_page ocr_carea ocr_par ocr_line ocrx_word'/>
</head>
<body>
  <div class='ocr_page' id='page_1' title='image "./floralapponicaex00wahl_0333.png"; bbox 0 0 2194 3893; ppageno 0'>
   <div class='ocr_carea' id='block_1_1' title="bbox 701 203 1765 281">
    <p class='ocr_par' dir='ltr' id='par_1_1' title="bbox 701 203 1765 281">
     <span class='ocr_line' id='line_1_1' title="bbox 701 203 1765 281; baseline 0.01 -25"><span class='ocrx_word' id='word_1_1' title='bbox 701 203 1150 260; x_wconf 84' lang='lat' dir='ltr'>MONOECIA.</span> <span class='ocrx_word' id='word_1_2' title='bbox 1533 205 1549 218; x_wconf 68' lang='grc'><strong>“</strong></span> <span class='ocrx_word' id='word_1_3' title='bbox 1646 228 1765 281; x_wconf 79' lang='lat'>257</span> 
     </span>
    </p>
   </div>
   <div class='ocr_carea' id='block_1_2' title="bbox 81 333 1764 2043">
    <p class='ocr_par' dir='ltr' id='par_1_2' title="bbox 81 333 1764 2043">
     <span class='ocr_line' id='line_1_2' title="bbox 233 333 1762 416; baseline 0.009 -33"><span class='ocrx_word' id='word_1_4' title='bbox 233 333 488 383; x_wconf 73' lang='lat' dir='ltr'>Sanclsele</span> <span class='ocrx_word' id='word_1_5' title='bbox 522 336 813 395; x_wconf 87' lang='lat' dir='ltr'>Umensis,</span> <span class='ocrx_word' id='word_1_6' title='bbox 869 350 920 386; x_wconf 91' lang='lat' dir='ltr'>et</span> <span class='ocrx_word' id='word_1_7' title='bbox 954 339 1018 386; x_wconf 91' lang='lat' dir='ltr'>ad</span> <span class='ocrx_word' id='word_1_8' title='bbox 1055 339 1318 389; x_wconf 82' lang='lat' dir='ltr'>Vallivare</span> <span class='ocrx_word' id='word_1_9' title='bbox 1361 358 1520 409; x_wconf 87' lang='lat' dir='ltr'>supra</span> <span class='ocrx_word' id='word_1_10' title='bbox 1557 346 1762 416; x_wconf 79' lang='lat' dir='ltr'>Quick-</span> 
     </span>
     <span class='ocr_line' id='line_1_3' title="bbox 232 401 1762 470; baseline 0.01 -21"><span class='ocrx_word' id='word_1_11' title='bbox 232 401 353 465; x_wconf 77' lang='lat' dir='ltr'>joci&lt;</span> <span class='ocrx_word' id='word_1_12' title='bbox 392 405 680 470; x_wconf 73' lang='lat' dir='ltr'>Lapponiae</span> <span class='ocrx_word' id='word_1_13' title='bbox 719 407 982 454; x_wconf 84' lang='lat' dir='ltr'>Lulensis.</span> <span class='ocrx_word' id='word_1_14' title='bbox 1065 408 1106 454; x_wconf 89' lang='lat' dir='ltr'>E</span> <span class='ocrx_word' id='word_1_15' title='bbox 1148 407 1310 456; x_wconf 89' lang='lat' dir='ltr'>latere</span> <span class='ocrx_word' id='word_1_16' title='bbox 1353 417 1642 467; x_wconf 71' lang='lat' dir='ltr'>norvegico</span> <span class='ocrx_word' id='word_1_17' title='bbox 1686 417 1762 464; x_wconf 87' lang='lat' dir='ltr'>al-</span> 
     </span>
     <span class='ocr_line' id='line_1_4' title="bbox 212 473 1764 541; baseline 0.011 -25"><span class='ocrx_word' id='word_1_18' title='bbox 212 473 395 536; x_wconf 23' lang='lat' dir='ltr'>*pium</span> <span class='ocrx_word' id='word_1_19' title='bbox 455 477 557 520; x_wconf 84' lang='lat' dir='ltr'>cito</span> <span class='ocrx_word' id='word_1_20' title='bbox 621 476 830 521; x_wconf 70' lang='lat' dir='ltr'>desistit</span> <span class='ocrx_word' id='word_1_21' title='bbox 879 477 1074 538; x_wconf 80' lang='lat' dir='ltr'>vixque</span> <span class='ocrx_word' id='word_1_22' title='bbox 1124 476 1262 523; x_wconf 89' lang='lat' dir='ltr'>ultra</span> <span class='ocrx_word' id='word_1_23' title='bbox 1313 473 1764 541; x_wconf 67' lang='lat' dir='ltr'>promontorium</span> 
     </span>
     <span class='ocr_line' id='line_1_5' title="bbox 233 535 1761 614; baseline 0.01 -29"><span class='ocrx_word' id='word_1_24' title='bbox 233 535 478 588; x_wconf 76' lang='lat' dir='ltr'>Kunnen</span> <span class='ocrx_word' id='word_1_25' title='bbox 515 544 655 590; x_wconf 89' lang='lat' dir='ltr'>inter</span> <span class='ocrx_word' id='word_1_26' title='bbox 697 543 987 607; x_wconf 82' lang='lat' dir='ltr'>Helgeland</span> <span class='ocrx_word' id='word_1_27' title='bbox 1025 551 1075 590; x_wconf 85' lang='lat' dir='ltr'>et</span> <span class='ocrx_word' id='word_1_28' title='bbox 1097 542 1277 592; x_wconf 88' lang='lat' dir='ltr'>Salten</span> <span class='ocrx_word' id='word_1_29' title='bbox 1307 549 1478 596; x_wconf 75' lang='lat' dir='ltr'>situm</span> <span class='ocrx_word' id='word_1_30' title='bbox 1498 552 1761 614; x_wconf 81' lang='lat' dir='ltr'>procedit,</span> 
     </span>
     <span class='ocr_line' id='line_1_6' title="bbox 235 607 1762 681; baseline 0.009 -27"><span class='ocrx_word' id='word_1_31' title='bbox 235 607 365 655; x_wconf 84' lang='lat' dir='ltr'>adeo</span> <span class='ocrx_word' id='word_1_32' title='bbox 396 620 451 655; x_wconf 81' lang='lat' dir='ltr'>ut</span> <span class='ocrx_word' id='word_1_33' title='bbox 475 612 697 658; x_wconf 87' lang='lat' dir='ltr'>nonnisi</span> <span class='ocrx_word' id='word_1_34' title='bbox 723 625 908 675; x_wconf 78' lang='lat' dir='ltr'>paucae</span> <span class='ocrx_word' id='word_1_35' title='bbox 933 611 1144 659; x_wconf 89' lang='lat' dir='ltr'>arbores</span> <span class='ocrx_word' id='word_1_36' title='bbox 1166 612 1222 658; x_wconf 88' lang='lat' dir='ltr'>in</span> <span class='ocrx_word' id='word_1_37' title='bbox 1248 614 1369 661; x_wconf 77' lang='lat' dir='ltr'>sinu</span> <span class='ocrx_word' id='word_1_38' title='bbox 1386 615 1762 681; x_wconf 82' lang='lat' dir='ltr'>Bejerenfjord</span> 
     </span>
     <span class='ocr_line' id='line_1_7' title="bbox 231 677 1752 743; baseline 0.009 -22"><span class='ocrx_word' id='word_1_39' title='bbox 231 677 503 736; x_wconf 76' lang='lat' dir='ltr'>existunt,</span> <span class='ocrx_word' id='word_1_40' title='bbox 566 694 750 743; x_wconf 80' lang='lat' dir='ltr'>eaeque</span> <span class='ocrx_word' id='word_1_41' title='bbox 797 679 1008 726; x_wconf 76' lang='lat' dir='ltr'>ultiniae</span> <span class='ocrx_word' id='word_1_42' title='bbox 1060 683 1494 743; x_wconf 20' lang='lat' dir='ltr'>septen—trionem</span> <span class='ocrx_word' id='word_1_43' title='bbox 1547 704 1752 735; x_wconf 81' lang='lat' dir='ltr'>versus.</span> 
     </span>
     <span class='ocr_line' id='line_1_8' title="bbox 227 742 1757 820; baseline 0.01 -30"><span class='ocrx_word' id='word_1_44' title='bbox 227 742 483 791; x_wconf 83' lang='lat' dir='ltr'>Nubibus</span> <span class='ocrx_word' id='word_1_45' title='bbox 527 750 692 794; x_wconf 83' lang='lat' dir='ltr'>maris</span> <span class='ocrx_word' id='word_1_46' title='bbox 750 747 983 812; x_wconf 85' lang='lat' dir='ltr'>glacialis</span> <span class='ocrx_word' id='word_1_47' title='bbox 1047 749 1528 812; x_wconf 85' lang='lat' dir='ltr'>impatientissima</span> <span class='ocrx_word' id='word_1_48' title='bbox 1578 757 1757 820; x_wconf 86' lang='lat' dir='ltr'>itaque</span> 
     </span>
     <span class='ocr_line' id='line_1_9' title="bbox 231 814 1634 861; baseline 0.004 -1"><span class='ocrx_word' id='word_1_49' title='bbox 231 827 345 860; x_wconf 87' lang='lat' dir='ltr'>esse</span> <span class='ocrx_word' id='word_1_50' title='bbox 368 814 600 861; x_wconf 80' lang='lat' dir='ltr'>videtur.</span> <span class='ocrx_word' id='word_1_51' title='bbox 1618 826 1634 840; x_wconf 83' lang='lat'><strong>·</strong></span> 
     </span>
     <span class='ocr_line' id='line_1_10' title="bbox 290 881 1755 941; baseline 0.009 -13"><span class='ocrx_word' id='word_1_52' title='bbox 290 881 417 930; x_wconf 87' lang='lat' dir='ltr'>Haec</span> <span class='ocrx_word' id='word_1_53' title='bbox 456 885 718 930; x_wconf 79' lang='lat' dir='ltr'>oninium</span> <span class='ocrx_word' id='word_1_54' title='bbox 757 884 998 931; x_wconf 82' lang='lat' dir='ltr'><strong>maxime</strong></span> <span class='ocrx_word' id='word_1_55' title='bbox 1048 884 1473 935; x_wconf 84' lang='lat' dir='ltr'>memorabilem</span> <span class='ocrx_word' id='word_1_56' title='bbox 1516 888 1755 941; x_wconf 85' lang='lat' dir='ltr'>formam</span> 
     </span>
     <span class='ocr_line' id='line_1_11' title="bbox 159 950 1752 1016; baseline 0.008 -20"><span class='ocrx_word' id='word_1_57' title='bbox 159 951 420 1009; x_wconf 86' lang='lat' dir='ltr'>assumit,</span> <span class='ocrx_word' id='word_1_58' title='bbox 468 950 605 998; x_wconf 85' lang='lat' dir='ltr'>dum</span> <span class='ocrx_word' id='word_1_59' title='bbox 632 953 688 998; x_wconf 90' lang='lat' dir='ltr'>in</span> <span class='ocrx_word' id='word_1_60' title='bbox 724 966 945 999; x_wconf 86' lang='lat' dir='ltr'>summo</span> <span class='ocrx_word' id='word_1_61' title='bbox 972 956 1345 1016; x_wconf 84' lang='lat' dir='ltr'><strong>septentrione</strong></span> <span class='ocrx_word' id='word_1_62' title='bbox 1394 972 1624 1007; x_wconf 89' lang='lat' dir='ltr'>crescere</span> <span class='ocrx_word' id='word_1_63' title='bbox 1663 961 1752 1009; x_wconf 82' lang='lat' dir='ltr'>de·-</span> 
     </span>
     <span class='ocr_line' id='line_1_12' title="bbox 160 1017 1753 1091; baseline 0.008 -28"><span class='ocrx_word' id='word_1_64' title='bbox 160 1017 319 1064; x_wconf 88' lang='lat' dir='ltr'>sistit.</span> <span class='ocrx_word' id='word_1_65' title='bbox 392 1017 645 1084; x_wconf 84' lang='lat' dir='ltr'>Assurgit</span> <span class='ocrx_word' id='word_1_66' title='bbox 670 1021 820 1067; x_wconf 83' lang='lat' dir='ltr'>enim</span> <span class='ocrx_word' id='word_1_67' title='bbox 847 1035 1062 1084; x_wconf 84' lang='lat' dir='ltr'>semper</span> <span class='ocrx_word' id='word_1_68' title='bbox 1097 1022 1155 1067; x_wconf 89' lang='lat' dir='ltr'>in</span> <span class='ocrx_word' id='word_1_69' title='bbox 1190 1021 1367 1069; x_wconf 86' lang='lat' dir='ltr'>altum</span> <span class='ocrx_word' id='word_1_70' title='bbox 1398 1034 1509 1072; x_wconf 89' lang='lat' dir='ltr'>tam</span> <span class='ocrx_word' id='word_1_71' title='bbox 1542 1029 1753 1091; x_wconf 81' lang='lat' dir='ltr'>gracilis</span> 
     </span>
     <span class='ocr_line' id='line_1_13' title="bbox 159 1088 1752 1151; baseline 0.009 -20"><span class='ocrx_word' id='word_1_72' title='bbox 159 1095 222 1132; x_wconf 91' lang='lat' dir='ltr'>ut</span> <span class='ocrx_word' id='word_1_73' title='bbox 243 1101 339 1150; x_wconf 90' lang='lat' dir='ltr'>per</span> <span class='ocrx_word' id='word_1_74' title='bbox 363 1101 417 1133; x_wconf 89' lang='lat' dir='ltr'>se</span> <span class='ocrx_word' id='word_1_75' title='bbox 443 1097 579 1134; x_wconf 86' lang='lat' dir='ltr'>stare</span> <span class='ocrx_word' id='word_1_76' title='bbox 601 1089 692 1134; x_wconf 79' lang='lat' dir='ltr'>vix</span> <span class='ocrx_word' id='word_1_77' title='bbox 720 1099 904 1151; x_wconf 85' lang='lat' dir='ltr'>queat,</span> <span class='ocrx_word' id='word_1_78' title='bbox 944 1088 1168 1135; x_wconf 84' lang='lat' dir='ltr'>ramulis</span> <span class='ocrx_word' id='word_1_79' title='bbox 1198 1099 1412 1138; x_wconf 74' lang='lat' dir='ltr'>tantum</span> <span class='ocrx_word' id='word_1_80' title='bbox 1442 1096 1752 1145; x_wconf 84' lang='lat' dir='ltr'>minoribus</span> 
     </span>
     <span class='ocr_line' id='line_1_14' title="bbox 156 1154 1752 1227; baseline 0.008 -28"><span class='ocrx_word' id='word_1_81' title='bbox 156 1155 422 1201; x_wconf 88' lang='lat' dir='ltr'>emortuis</span> <span class='ocrx_word' id='word_1_82' title='bbox 471 1154 686 1202; x_wconf 82' lang='lat' dir='ltr'>deflexis</span> <span class='ocrx_word' id='word_1_83' title='bbox 744 1156 1136 1221; x_wconf 86' lang='lat' dir='ltr'>nigricantibus</span> <span class='ocrx_word' id='word_1_84' title='bbox 1193 1157 1410 1227; x_wconf 52' lang='lat' dir='ltr'>inierne</span> <span class='ocrx_word' id='word_1_85' title='bbox 1468 1163 1752 1224; x_wconf 81' lang='lat' dir='ltr'>instructa,</span> 
     </span>
     <span class='ocr_line' id='line_1_15' title="bbox 153 1221 1752 1296; baseline 0.008 -29"><span class='ocrx_word' id='word_1_86' title='bbox 153 1222 305 1285; x_wconf 84' lang='lat' dir='ltr'>apice</span> <span class='ocrx_word' id='word_1_87' title='bbox 332 1221 448 1269; x_wconf 88' lang='lat' dir='ltr'>solo</span> <span class='ocrx_word' id='word_1_88' title='bbox 475 1222 650 1269; x_wconf 78' lang='lat' dir='ltr'>viridi.</span> <span class='ocrx_word' id='word_1_89' title='bbox 723 1223 826 1271; x_wconf 88' lang='lat' dir='ltr'>Res</span> <span class='ocrx_word' id='word_1_90' title='bbox 863 1226 933 1270; x_wconf 89' lang='lat' dir='ltr'>ita</span> <span class='ocrx_word' id='word_1_91' title='bbox 958 1240 1069 1272; x_wconf 81' lang='lat' dir='ltr'>sese</span> <span class='ocrx_word' id='word_1_92' title='bbox 1102 1224 1297 1273; x_wconf 88' lang='lat' dir='ltr'>habere</span> <span class='ocrx_word' id='word_1_93' title='bbox 1331 1227 1571 1289; x_wconf 84' lang='lat' dir='ltr'>videtur,</span> <span class='ocrx_word' id='word_1_94' title='bbox 1604 1234 1752 1296; x_wconf 88' lang='lat' dir='ltr'>quod</span> 
     </span>
     <span class='ocr_line' id='line_1_16' title="bbox 154 1288 1749 1357; baseline 0.008 -21"><span class='ocrx_word' id='word_1_95' title='bbox 154 1292 296 1336; x_wconf 82' lang='lat' dir='ltr'>rami</span> <span class='ocrx_word' id='word_1_96' title='bbox 319 1288 434 1351; x_wconf 88' lang='lat' dir='ltr'>ejus</span> <span class='ocrx_word' id='word_1_97' title='bbox 461 1289 746 1338; x_wconf 83' lang='lat' dir='ltr'>inferiores</span> <span class='ocrx_word' id='word_1_98' title='bbox 777 1293 880 1338; x_wconf 89' lang='lat' dir='ltr'>cito</span> <span class='ocrx_word' id='word_1_99' title='bbox 906 1291 992 1339; x_wconf 73' lang='lat' dir='ltr'>vel</span> <span class='ocrx_word' id='word_1_100' title='bbox 1017 1294 1158 1339; x_wconf 85' lang='lat' dir='ltr'>intra</span> <span class='ocrx_word' id='word_1_101' title='bbox 1180 1309 1378 1357; x_wconf 87' lang='lat' dir='ltr'>paucos</span> <span class='ocrx_word' id='word_1_102' title='bbox 1403 1312 1577 1346; x_wconf 87' lang='lat' dir='ltr'>annos</span> <span class='ocrx_word' id='word_1_103' title='bbox 1604 1316 1629 1347; x_wconf 94' lang='lat' dir='ltr'>a</span> <span class='ocrx_word' id='word_1_104' title='bbox 1656 1300 1749 1348; x_wconf 87' lang='lat' dir='ltr'>fri·</span> 
     </span>
     <span class='ocr_line' id='line_1_17' title="bbox 155 1358 1749 1426; baseline 0.008 -23"><span class='ocrx_word' id='word_1_105' title='bbox 155 1373 283 1422; x_wconf 83' lang='lat' dir='ltr'>gore</span> <span class='ocrx_word' id='word_1_106' title='bbox 309 1358 627 1404; x_wconf 82' lang='lat' dir='ltr'>vehementi</span> <span class='ocrx_word' id='word_1_107' title='bbox 654 1361 806 1422; x_wconf 82' lang='lat' dir='ltr'>quasi</span> <span class='ocrx_word' id='word_1_108' title='bbox 838 1362 1173 1407; x_wconf 81' lang='lat' dir='ltr'>exsiccantur</span> <span class='ocrx_word' id='word_1_109' title='bbox 1196 1372 1249 1408; x_wconf 91' lang='lat' dir='ltr'>et</span> <span class='ocrx_word' id='word_1_110' title='bbox 1281 1376 1514 1426; x_wconf 90' lang='lat' dir='ltr'>pereunt</span> <span class='ocrx_word' id='word_1_111' title='bbox 1553 1368 1749 1416; x_wconf 87' lang='lat' dir='ltr'>simul-</span> 
     </span>
     <span class='ocr_line' id='line_1_18' title="bbox 81 1427 1749 1500; baseline 0.008 -30"><span class='ocrx_word' id='word_1_112' title='bbox 81 1447 88 1457; x_wconf 72' lang='lat'>=</span> <span class='ocrx_word' id='word_1_113' title='bbox 154 1442 261 1489; x_wconf 88' lang='lat' dir='ltr'>que</span> <span class='ocrx_word' id='word_1_114' title='bbox 289 1428 552 1488; x_wconf 83' lang='lat' dir='ltr'>vegetatio</span> <span class='ocrx_word' id='word_1_115' title='bbox 586 1427 645 1472; x_wconf 90' lang='lat' dir='ltr'>in</span> <span class='ocrx_word' id='word_1_116' title='bbox 680 1427 1035 1475; x_wconf 78' lang='lat' dir='ltr'>exterioribus</span> <span class='ocrx_word' id='word_1_117' title='bbox 1071 1429 1282 1476; x_wconf 86' lang='lat' dir='ltr'>circulis</span> <span class='ocrx_word' id='word_1_118' title='bbox 1322 1433 1498 1479; x_wconf 89' lang='lat' dir='ltr'>trunci</span> <span class='ocrx_word' id='word_1_119' title='bbox 1530 1435 1749 1500; x_wconf 79' lang='lat' dir='ltr'>refrige-</span> 
     </span>
     <span class='ocr_line' id='line_1_19' title="bbox 153 1492 1749 1562; baseline 0.007 -21"><span class='ocrx_word' id='word_1_120' title='bbox 153 1495 258 1541; x_wconf 85' lang='lat' dir='ltr'>rati</span> <span class='ocrx_word' id='word_1_121' title='bbox 288 1492 666 1552; x_wconf 80' lang='lat' dir='ltr'>labefactatur,</span> <span class='ocrx_word' id='word_1_122' title='bbox 722 1495 871 1543; x_wconf 87' lang='lat' dir='ltr'>unde</span> <span class='ocrx_word' id='word_1_123' title='bbox 906 1511 1121 1559; x_wconf 85' lang='lat' dir='ltr'>semper</span> <span class='ocrx_word' id='word_1_124' title='bbox 1155 1512 1323 1544; x_wconf 75' lang='lat' dir='ltr'>novas</span> <span class='ocrx_word' id='word_1_125' title='bbox 1363 1501 1749 1562; x_wconf 69' lang='lat' dir='ltr'>productiones</span> 
     </span>
     <span class='ocr_line' id='line_1_20' title="bbox 151 1563 1746 1636; baseline 0.008 -28"><span class='ocrx_word' id='word_1_126' title='bbox 151 1577 183 1608; x_wconf 92' lang='lat' dir='ltr'>e</span> <span class='ocrx_word' id='word_1_127' title='bbox 217 1577 441 1609; x_wconf 85' lang='lat' dir='ltr'>summo</span> <span class='ocrx_word' id='word_1_128' title='bbox 477 1563 624 1625; x_wconf 84' lang='lat' dir='ltr'>apice</span> <span class='ocrx_word' id='word_1_129' title='bbox 662 1564 908 1610; x_wconf 82' lang='lat' dir='ltr'>emittere</span> <span class='ocrx_word' id='word_1_130' title='bbox 943 1564 1155 1628; x_wconf 85' lang='lat' dir='ltr'>cogitur</span> <span class='ocrx_word' id='word_1_131' title='bbox 1188 1576 1240 1611; x_wconf 90' lang='lat' dir='ltr'>et</span> <span class='ocrx_word' id='word_1_132' title='bbox 1275 1566 1332 1611; x_wconf 91' lang='lat' dir='ltr'>in</span> <span class='ocrx_word' id='word_1_133' title='bbox 1367 1578 1550 1616; x_wconf 88' lang='lat' dir='ltr'>centro</span> <span class='ocrx_word' id='word_1_134' title='bbox 1573 1574 1746 1636; x_wconf 87' lang='lat' dir='ltr'>magis</span> 
     </span>
     <span class='ocr_line' id='line_1_21' title="bbox 153 1630 1748 1702; baseline 0.007 -26"><span class='ocrx_word' id='word_1_135' title='bbox 153 1641 415 1693; x_wconf 82' lang='lat' dir='ltr'>vegetare.</span> <span class='ocrx_word' id='word_1_136' title='bbox 490 1630 653 1693; x_wconf 85' lang='lat' dir='ltr'>Repit</span> <span class='ocrx_word' id='word_1_137' title='bbox 677 1633 827 1694; x_wconf 83' lang='lat' dir='ltr'>quasi</span> <span class='ocrx_word' id='word_1_138' title='bbox 862 1633 919 1677; x_wconf 89' lang='lat' dir='ltr'>in</span> <span class='ocrx_word' id='word_1_139' title='bbox 958 1631 1166 1690; x_wconf 88' lang='lat' dir='ltr'>altum,</span> <span class='ocrx_word' id='word_1_140' title='bbox 1205 1642 1257 1679; x_wconf 91' lang='lat' dir='ltr'>et</span> <span class='ocrx_word' id='word_1_141' title='bbox 1289 1634 1418 1681; x_wconf 83' lang='lat' dir='ltr'>adeo</span> <span class='ocrx_word' id='word_1_142' title='bbox 1444 1636 1554 1683; x_wconf 87' lang='lat' dir='ltr'>loca</span> <span class='ocrx_word' id='word_1_143' title='bbox 1583 1655 1748 1702; x_wconf 86' lang='lat' dir='ltr'>quam</span> 
     </span>
     <span class='ocr_line' id='line_1_22' title="bbox 151 1698 1749 1756; baseline 0.007 -12"><span class='ocrx_word' id='word_1_144' title='bbox 151 1700 393 1746; x_wconf 83' lang='lat' dir='ltr'>maxime</span> <span class='ocrx_word' id='word_1_145' title='bbox 432 1699 637 1745; x_wconf 88' lang='lat' dir='ltr'>occulta</span> <span class='ocrx_word' id='word_1_146' title='bbox 678 1715 700 1744; x_wconf 91' lang='lat' dir='ltr'>a</span> <span class='ocrx_word' id='word_1_147' title='bbox 730 1699 898 1745; x_wconf 80' lang='lat' dir='ltr'>nullis</span> <span class='ocrx_word' id='word_1_148' title='bbox 922 1698 1177 1747; x_wconf 78' lang='lat' dir='ltr'>ventibus</span> <span class='ocrx_word' id='word_1_149' title='bbox 1203 1712 1386 1747; x_wconf 78' lang='lat' dir='ltr'>vexata</span> <span class='ocrx_word' id='word_1_150' title='bbox 1410 1702 1512 1749; x_wconf 90' lang='lat' dir='ltr'>sibi</span> <span class='ocrx_word' id='word_1_151' title='bbox 1534 1706 1591 1752; x_wconf 89' lang='lat' dir='ltr'>in</span> <span class='ocrx_word' id='word_1_152' title='bbox 1619 1708 1749 1756; x_wconf 82' lang='lat' dir='ltr'>ulti-</span> 
     </span>
     <span class='ocr_line' id='line_1_23' title="bbox 150 1766 1748 1830; baseline 0.007 -18"><span class='ocrx_word' id='word_1_153' title='bbox 150 1767 258 1812; x_wconf 88' lang='lat' dir='ltr'>mis</span> <span class='ocrx_word' id='word_1_154' title='bbox 295 1767 376 1812; x_wconf 89' lang='lat' dir='ltr'>his</span> <span class='ocrx_word' id='word_1_155' title='bbox 412 1766 542 1811; x_wconf 84' lang='lat' dir='ltr'>locis</span> <span class='ocrx_word' id='word_1_156' title='bbox 581 1782 794 1829; x_wconf 78' lang='lat' dir='ltr'>semper</span> <span class='ocrx_word' id='word_1_157' title='bbox 834 1768 1097 1830; x_wconf 83' lang='lat' dir='ltr'>exposcit,</span> <span class='ocrx_word' id='word_1_158' title='bbox 1153 1766 1248 1813; x_wconf 87' lang='lat' dir='ltr'>ubi</span> <span class='ocrx_word' id='word_1_159' title='bbox 1294 1770 1350 1814; x_wconf 86' lang='lat' dir='ltr'>in</span> <span class='ocrx_word' id='word_1_160' title='bbox 1397 1770 1748 1823; x_wconf 85' lang='lat' dir='ltr'>altitudinem</span> 
     </span>
     <span class='ocr_line' id='line_1_24' title="bbox 149 1833 1743 1904; baseline 0.008 -25"><span class='ocrx_word' id='word_1_161' title='bbox 149 1844 271 1880; x_wconf 87' lang='lat' dir='ltr'>octo</span> <span class='ocrx_word' id='word_1_162' title='bbox 310 1834 396 1879; x_wconf 88' lang='lat' dir='ltr'>vel</span> <span class='ocrx_word' id='word_1_163' title='bbox 430 1833 614 1879; x_wconf 85' lang='lat' dir='ltr'>decem</span> <span class='ocrx_word' id='word_1_164' title='bbox 651 1834 843 1879; x_wconf 82' lang='lat' dir='ltr'>saltem</span> <span class='ocrx_word' id='word_1_165' title='bbox 877 1849 1168 1896; x_wconf 76' lang='lat' dir='ltr'>orgyaruin</span> <span class='ocrx_word' id='word_1_166' title='bbox 1205 1834 1526 1886; x_wconf 83' lang='lat' dir='ltr'>adscendere</span> <span class='ocrx_word' id='word_1_167' title='bbox 1548 1853 1743 1904; x_wconf 88' lang='lat' dir='ltr'>potest.</span> 
     </span>
     <span class='ocr_line' id='line_1_25' title="bbox 145 1900 1742 1974; baseline 0.008 -27"><span class='ocrx_word' id='word_1_168' title='bbox 145 1900 342 1948; x_wconf 86' lang='lat' dir='ltr'>Aceres</span> <span class='ocrx_word' id='word_1_169' title='bbox 373 1916 605 1964; x_wconf 22' lang='lat' dir='ltr'>quoque*⁴</span> <span class='ocrx_word' id='word_1_170' title='bbox 626 1910 679 1968; x_wconf 65' lang='lat' dir='ltr'>et</span> <span class='ocrx_word' id='word_1_171' title='bbox 700 1900 866 1947; x_wconf 85' lang='lat' dir='ltr'>Tilias</span> <span class='ocrx_word' id='word_1_172' title='bbox 900 1902 1375 1965; x_wconf 84' lang='lat' dir='ltr'>sempentrionem</span> <span class='ocrx_word' id='word_1_173' title='bbox 1406 1921 1591 1957; x_wconf 86' lang='lat' dir='ltr'>versus</span> <span class='ocrx_word' id='word_1_174' title='bbox 1625 1922 1742 1974; x_wconf 77' lang='lat' dir='ltr'>gra-</span> 
     </span>
     <span class='ocr_line' id='line_1_26' title="bbox 149 1965 779 2043; baseline 0.002 -27"><span class='ocrx_word' id='word_1_175' title='bbox 149 1968 395 2017; x_wconf 84' lang='lat' dir='ltr'>cilescere</span> <span class='ocrx_word' id='word_1_176' title='bbox 427 1965 779 2043; x_wconf 25' lang='lat' dir='ltr'>observarint</span> 
     </span>
    </p>
   </div>
   <div class='ocr_carea' id='block_1_3' title="bbox 262 2190 1616 2465">
    <p class='ocr_par' dir='ltr' id='par_1_3' title="bbox 262 2190 1616 2465">
     <span class='ocr_line' id='line_1_27' title="bbox 465 2190 1411 2310; baseline 0.006 -6"><span class='ocrx_word' id='word_1_177' title='bbox 465 2190 1411 2310; x_wconf 75' lang='lat' dir='ltr'>CLAssrs&#39;XXIL</span> 
     </span>
     <span class='ocr_line' id='line_1_28' title="bbox 262 2382 1616 2465; baseline 0.005 -6"><span class='ocrx_word' id='word_1_178' title='bbox 262 2382 1616 2465; x_wconf 84' lang='lat' dir='ltr'><strong>DIOE-CIA.·</strong></span> 
     </span>
    </p>
   </div>
   <div class='ocr_carea' id='block_1_4' title="bbox 677 2566 1094 2620">
    <p class='ocr_par' dir='ltr' id='par_1_4' title="bbox 677 2566 1094 2620">
     <span class='ocr_line' id='line_1_29' title="bbox 677 2566 1094 2620; baseline 0 0"><span class='ocrx_word' id='word_1_179' title='bbox 677 2566 1094 2620; x_wconf 67' lang='lat' dir='ltr'><strong>SALIXL</strong></span> 
     </span>
    </p>
   </div>
   <div class='ocr_carea' id='block_1_5' title="bbox 133 2651 1682 2780">
    <p class='ocr_par' dir='ltr' id='par_1_5' title="bbox 133 2651 1682 2780">
     <span class='ocr_line' id='line_1_30' title="bbox 133 2651 1682 2766; baseline 0.005 -53"><span class='ocrx_word' id='word_1_180' title='bbox 133 2651 242 2713; x_wconf 76' lang='lat' dir='ltr'>Gen.</span> <span class='ocrx_word' id='word_1_181' title='bbox 266 2671 415 2726; x_wconf 82' lang='lat' dir='ltr'>plant.</span> <span class='ocrx_word' id='word_1_182' title='bbox 445 2670 515 2713; x_wconf 81' lang='lat' dir='ltr'>ed.</span> <span class='ocrx_word' id='word_1_183' title='bbox 544 2669 719 2713; x_wconf 69' lang='lat' dir='ltr'>Schreb.</span> <span class='ocrx_word' id='word_1_184' title='bbox 749 2685 796 2711; x_wconf 91' lang='lat' dir='ltr'>n.</span> <span class='ocrx_word' id='word_1_185' title='bbox 831 2676 954 2766; x_wconf 39' lang='lat'>15393.</span> <span class='ocrx_word' id='word_1_186' title='bbox 1018 2672 1181 2712; x_wconf 80' lang='lat' dir='ltr'>Goertn.</span> <span class='ocrx_word' id='word_1_187' title='bbox 1212 2671 1266 2713; x_wconf 81' lang='lat' dir='ltr'>de</span> <span class='ocrx_word' id='word_1_188' title='bbox 1280 2672 1430 2728; x_wconf 81' lang='lat' dir='ltr'>fruct.</span> <span class='ocrx_word' id='word_1_189' title='bbox 1459 2688 1502 2719; x_wconf 82' lang='lat'>2.</span> <span class='ocrx_word' id='word_1_190' title='bbox 1533 2693 1581 2734; x_wconf 81' lang='lat' dir='ltr'>p.</span> <span class='ocrx_word' id='word_1_191' title='bbox 1611 2682 1682 2732; x_wconf 81' lang='grc'>55.</span> 
     </span>
     <span class='ocr_line' id='line_1_31' title="bbox 811 2737 994 2780; baseline -0.011 -12"><span class='ocrx_word' id='word_1_192' title='bbox 811 2738 854 2768; x_wconf 87' lang='lat' dir='ltr'>ta</span> <span class='ocrx_word' id='word_1_193' title='bbox 888 2758 900 2769; x_wconf 82' lang='grc'><strong>.</strong></span> <span class='ocrx_word' id='word_1_194' title='bbox 924 2737 994 2780; x_wconf 83' lang='lat'>90.</span> 
     </span>
    </p>
   </div>
   <div class='ocr_carea' id='block_1_6' title="bbox 141 2811 1668 2948">
    <p class='ocr_par' dir='ltr' id='par_1_6' title="bbox 141 2811 1668 2948">
     <span class='ocr_line' id='line_1_32' title="bbox 141 2811 1668 2878; baseline 0.005 -15"><span class='ocrx_word' id='word_1_195' title='bbox 141 2811 169 2841; x_wconf 44' lang='grc' dir='ltr'><strong>ἐ</strong></span> <span class='ocrx_word' id='word_1_196' title='bbox 206 2814 561 2864; x_wconf 86' lang='lat' dir='ltr'>Germinibus</span> <span class='ocrx_word' id='word_1_197' title='bbox 601 2813 873 2862; x_wconf 83' lang='lat' dir='ltr'>sessilibus</span> <span class='ocrx_word' id='word_1_198' title='bbox 913 2814 948 2860; x_wconf 93' lang='lat' dir='ltr'>i.</span> <span class='ocrx_word' id='word_1_199' title='bbox 988 2831 1031 2862; x_wconf 89' lang='lat' dir='ltr'>e.</span> <span class='ocrx_word' id='word_1_200' title='bbox 1070 2813 1340 2878; x_wconf 84' lang='lat' dir='ltr'>pedicellis</span> <span class='ocrx_word' id='word_1_201' title='bbox 1378 2816 1668 2872; x_wconf 85' lang='lat' dir='ltr'>latitudine</span> 
     </span>
     <span class='ocr_line' id='line_1_33' title="bbox 496 2881 1315 2948; baseline 0 -17"><span class='ocrx_word' id='word_1_202' title='bbox 496 2883 759 2948; x_wconf 83' lang='lat' dir='ltr'>germinis</span> <span class='ocrx_word' id='word_1_203' title='bbox 793 2881 938 2928; x_wconf 87' lang='lat' dir='ltr'>haud</span> <span class='ocrx_word' id='word_1_204' title='bbox 974 2881 1315 2947; x_wconf 82' lang='lat' dir='ltr'>longioribus</span> 
     </span>
    </p>
   </div>
   <div class='ocr_carea' id='block_1_7' title="bbox 574 2967 1235 3034">
    <p class='ocr_par' dir='ltr' id='par_1_7' title="bbox 574 2967 1235 3034">
     <span class='ocr_line' id='line_1_34' title="bbox 574 2967 1235 3034; baseline 0.002 -17"><span class='ocrx_word' id='word_1_205' title='bbox 574 2968 608 3032; x_wconf 86' lang='lat'>†</span> <span class='ocrx_word' id='word_1_206' title='bbox 644 2967 984 3034; x_wconf 80' lang='lat' dir='ltr'>germinibus</span> <span class='ocrx_word' id='word_1_207' title='bbox 1021 2968 1235 3033; x_wconf 82' lang='lat' dir='ltr'>glabris.</span> 
     </span>
    </p>
   </div>
   <div class='ocr_carea' id='block_1_8' title="bbox 68 3054 1734 3381">
    <p class='ocr_par' dir='ltr' id='par_1_8' title="bbox 68 3054 1734 3261">
     <span class='ocr_line' id='line_1_35' title="bbox 68 3054 1734 3130; baseline 0.004 -23"><span class='ocrx_word' id='word_1_208' title='bbox 68 3063 188 3121; x_wconf 73' lang='lat'>470.</span> <span class='ocrx_word' id='word_1_209' title='bbox 224 3055 429 3107; x_wconf 90' lang='lat' dir='ltr'><strong>SALIX</strong></span> <span class='ocrx_word' id='word_1_210' title='bbox 447 3054 815 3125; x_wconf 78' lang='lat' dir='ltr'>penccmdra:</span> <span class='ocrx_word' id='word_1_211' title='bbox 853 3056 1197 3121; x_wconf 86' lang='lat' dir='ltr'>germinibus</span> <span class='ocrx_word' id='word_1_212' title='bbox 1222 3059 1502 3111; x_wconf 86' lang='lat' dir='ltr'>sessilibus</span> <span class='ocrx_word' id='word_1_213' title='bbox 1527 3064 1734 3130; x_wconf 87' lang='lat' dir='ltr'>glaber-</span> 
     </span>
     <span class='ocr_line' id='line_1_36' title="bbox 168 3124 1732 3192; baseline 0 -16"><span class='ocrx_word' id='word_1_214' title='bbox 168 3124 172 3128; x_wconf 74' lang='grc'><strong><em>’</em></strong></span> <span class='ocrx_word' id='word_1_215' title='bbox 273 3128 462 3176; x_wconf 80' lang='lat' dir='ltr'>rimis:</span> <span class='ocrx_word' id='word_1_216' title='bbox 501 3127 742 3192; x_wconf 88' lang='lat' dir='ltr'>squamis</span> <span class='ocrx_word' id='word_1_217' title='bbox 774 3125 1149 3185; x_wconf 83' lang='lat' dir='ltr'>brevissimis,</span> <span class='ocrx_word' id='word_1_218' title='bbox 1188 3133 1412 3177; x_wconf 83' lang='lat' dir='ltr'>amento</span> <span class='ocrx_word' id='word_1_219' title='bbox 1448 3129 1597 3180; x_wconf 89' lang='lat' dir='ltr'>foliis</span> <span class='ocrx_word' id='word_1_220' title='bbox 1625 3134 1732 3181; x_wconf 71' lang='lat' dir='ltr'>ful-</span> 
     </span>
     <span class='ocr_line' id='line_1_37' title="bbox 276 3191 1731 3261; baseline 0.005 -19"><span class='ocrx_word' id='word_1_221' title='bbox 276 3207 418 3242; x_wconf 84' lang='lat' dir='ltr'>erato</span> <span class='ocrx_word' id='word_1_222' title='bbox 441 3194 769 3260; x_wconf 77' lang='lat' dir='ltr'>pentand10‚</span> <span class='ocrx_word' id='word_1_223' title='bbox 807 3191 955 3242; x_wconf 77' lang='lat' dir='ltr'>foliis</span> <span class='ocrx_word' id='word_1_224' title='bbox 982 3193 1237 3259; x_wconf 81' lang='lat' dir='ltr'>oblongis</span> <span class='ocrx_word' id='word_1_225' title='bbox 1264 3196 1731 3261; x_wconf 79' lang='lat' dir='ltr'>glanduloso-ser-</span> 
     </span>
    </p>

    <p class='ocr_par' dir='ltr' id='par_1_9' title="bbox 272 3263 1607 3381">
     <span class='ocr_line' id='line_1_38' title="bbox 272 3263 1607 3381; baseline 0 -70"><span class='ocrx_word' id='word_1_226' title='bbox 272 3265 400 3312; x_wconf 85' lang='lat' dir='ltr'>ratis</span> <span class='ocrx_word' id='word_1_227' title='bbox 421 3263 636 3331; x_wconf 57' lang='lat' dir='ltr'>glabri&amp;</span> <span class='ocrx_word' id='word_1_228' title='bbox 1139 3329 1194 3381; x_wconf 78' lang='lat' dir='ltr'>R</span> <span class='ocrx_word' id='word_1_229' title='bbox 1604 3264 1607 3267; x_wconf 83' lang='grc'><strong>’</strong></span> 
     </span>
    </p>
   </div>
  </div>
 </body>
</html>
