2194 3893
435 197 512 247 τι»
984 178 1530 235 PENTANDRIA.

508 314 750 362 tentibus
777 323 844 361 ut
863 311 1028 360 tubus
1055 311 1269 359 corollae
1292 309 1476 360 nudus
1502 317 1832 380 conspicitur
1876 314 1982 363 Fere
2008 329 2099 362 us·

511 399 616 447 que
642 383 704 430 ad
726 383 911 438 basin,
950 380 1370 438 obtusiusculis‚
1408 381 1525 428 sine
1557 385 1727 431 nervo
1763 383 1959 432 dorsali
1996 383 2101 429 ele-

511 461 654 498 vato,
730 450 945 497 Corolla
981 448 1262 501 tubulnsa;
1312 447 1476 494 tubus
1510 451 1850 499 ventricosus
1891 450 1979 498 vel
2015 451 2102 496 in-

514 518 666 566 ferne
703 518 1006 576 dilatatus,v
1032 515 1096 562 ad
1130 514 1342 563 faucem
1379 516 1836 577 subconstrictus‚
1873 519 1973 566 sub
2007 518 2105 564 Ho-

512 587 773 634 rescentia
805 586 991 649 calycis
1031 583 1174 631 foliis
1211 600 1411 648 parum
1448 584 1696 650 longior,
1742 587 2103 652 grossificante

515 670 644 702 vero
671 654 850 701 fructu
872 654 1153 717 elongatur
1177 663 1239 698 ut
1258 651 1552 716 plusquam
1577 652 1748 716 calyce
1780 654 1946 719 duplo
1979 654 2100 700 lon-

517 723 636 788 gior
672 722 850 771 evadit
891 721 1026 780 (nec
1058 720 1403 778 inercescit);
1463 720 1623 768 limbi
1655 723 1859 770 laciniae
1897 723 2103 776 breves,

518 801 840 847 attenuatae,
890 788 1257 836 erectiusculae
1284 788 1372 834 vel
1395 804 1589 852 parum
1613 800 1882 853 patentes,
1921 788 2105 849 (unde

522 858 620 906 flos
645 875 769 907 vere
792 858 1183 921 inconspicuus
1205 855 1408 916 evadit>
1435 871 1674 916 venosae,
1696 868 1923 905 saturate
1939 872 2106 905 caeru-

522 927 622 974 leae
646 925 772 987 (nec
795 940 1000 973 azureae
1024 935 1085 971 ut
1111 926 1170 971 in
1200 920 1270 971 G.
1296 922 1515 985 nivali).
1588 926 1649 973 In
1673 923 1821 974 fauce
1844 937 1974 973 sunt
1996 926 2105 973 (⁴:⁸0

519 990 773 1041 'lacinulae
801 993 1081 1040 fimbriatae
1103 1008 1198 1056 pro
1223 994 1435 1058 singula
1452 993 1644 1040 lacinia
1668 994 1898 1042 corollae.
1972 992 2109 1055 Cap-

524 1063 640 1109 sula
665 1064 757 1109 vix
780 1062 997 1125 longior
1024 1076 1190 1124 quam
1211 1061 1409 1108 corolla
1437 1061 1682 1126 elongata
1699 1095 1714 1120 ‚
1753 1077 1873 1125 quae
1892 1072 2113 1108 tantum

522 1146 721 1194 parum
744 1129 1042 1176 decolorata
1067 1144 1189 1175 eain
1214 1130 1391 1176 vestit.
1463 1130 1556 1176 Est
1586 1131 1860 1193 praecipue
1896 1129 2108 1194 pedun-

524 1198 676 1244 culus
700 1198 899 1262 longus
921 1195 1105 1243 nudus
1122 1231 1136 1255 ‚
1176 1206 1228 1242 et
1251 1197 1398 1259 calyx
1423 1209 1609 1262 patens
1636 1214 1663 1244 a
1687 1197 1900 1245 corollae
1933 1196 2107 1244 limbo

528 1265 735 1313 distans
762 1264 908 1329 quod
933 1264 1128 1312 faciem
1152 1260 1311 1312 efficit
1337 1281 1362 1312 a
1389 1268 1590 1313 caeteris
1615 1265 1867 1313 alienam.

653 1334 732 1380 Ex
758 1334 854 1381 hac
878 1331 1242 1396 descriptione
1269 1344 1413 1396 patet
1449 1334 1591 1398 quod
1629 1349 1821 1382 onmes
1847 1333 2112 1381 characte-

499 1404 608 1448 'res
649 1401 847 1465 quibus
879 1401 940 1448 G.
973 1399 1242 1467 glacialis
1278 1411 1330 1449 et
1362 1402 1423 1449 G.
1467 1400 1682 1449 tenella
1716 1402 2116 1466 distingueren-

525 1479 615 1515 tur
653 1469 918 1517 levissimi
949 1470 1226 1516 momenti
1261 1482 1392 1517 sunt
1425 1482 1488 1517 ut
1519 1472 1684 1518 etiam
1719 1469 1782 1517 ab
1806 1480 1958 1518 aetate
1980 1484 2115 1533 pen-

528 1536 744 1593 dentes;
784 1538 855 1583 ita
880 1547 942 1583 ut
963 1553 1035 1585 ne
1059 1536 1284 1601 quidem
1314 1539 1593 1587 varietates
1619 1549 1750 1586 sunt
1775 1537 1868 1586 sed
1895 1553 2005 1584 una
2031 1552 2116 1584 ea-

525 1604 762 1669 demque
796 1606 995 1669 planta.
1081 1605 1266 1653 Habeo
1301 1607 1598 1670 specimina
1630 1607 1911 1671 lapponica
1945 1604 2118 1666 calyce

526 1688 680 1737 aeque
706 1672 1004 1720 lanceolato
1029 1688 1084 1720 ac
1109 1689 1171 1721 ex
1194 1673 1404 1738 alpibus
1430 1675 1736 1732 helveticis,
1774 1685 1827 1722 et
1850 1688 1972 1738 quae
2000 1688 2119 1737 spe-

528 1743 721 1788 cimini
752 1737 822 1788 G.
854 1757 1024 1787 nance
1046 1738 1169 1788 All.
1195 1743 1253 1788 in
1280 1742 1526 1791 herbario
1550 1742 1644 1790 cel.
1671 1741 1914 1790 Swartzii
1946 1751 2120 1789 exacte

527 1811 885 1856 conveniunt.
982 1805 1279 1856 Gentiana
1351 1809 1716 1858 ear-inclziaca
1784 1820 2000 1867 autem,
2067 1818 2121 1855 et

528 1890 686 1923 nana
734 1871 1020 1944 chlffen.
1068 1877 1328 1925 differunt
1377 1895 1401 1925 a
1446 1877 1689 1944 glaciali
1734 1879 1898 1943 figura
1947 1876 2120 1923 corol-

525 1945 593 1991 lae
633 1955 760 2001 etc.;
823 1944 1020 2008 quibus
1056 1956 1240 1992 autem
1277 1942 1489 1995 affinior
1531 1958 1610 1996 est
1663 1943 1732 1995 G.
1781 1943 2119 1994 dz'clzocoma

525 2009 727 2059 Pallas
751 2014 893 2059 mihi
919 2013 1156 2060 dubium
1182 2013 1414 2061 videtur.

462 2078 573 2128 126.
613 2080 988 2128 GENTJANA
1035 2076 1374 2132 Amarella:
1459 2082 1675 2130 corollis
1756 2078 2122 2145 quinquefidis

656 2147 1268 2212 hypocrateriformibus
1295 2149 1443 2197 fauce
1469 2150 1721 2207 barbatis,
1758 2149 1968 2197 laciniis
1993 2147 2122 2194 lim-

654 2215 713 2263 bi
736 2216 1046 2263 lanceolatis
1072 2218 1262 2276 acutis,
1289 2217 1430 2266 foliis
1457 2218 1783 2266 lanceolatis.
1837 2211 2119 2266 Wllden.

655 2299 804 2349 spec.
848 2301 889 2330 1.
928 2302 981 2348 p.
1016 2292 1158 2346 1547.

594 2350 658 2401 G.
692 2351 967 2400 Amarella
1000 2349 1172 2400 Lz'nn.
1208 2368 1348 2401 svec.
1396 2369 1453 2401 n.
1489 2366 1606 2414 229.
1679 2349 1883 2418 Zoega
1916 2345 2120 2401 island.

731 2446 797 2455 —
834 2416 1058 2488 Liglzlf.
1084 2432 1222 2469 scot.
1261 2438 1314 2486 p.
1349 2431 1458 2482 152.
1533 2418 1683 2468 Flor.
1727 2415 2119 2468 Kamcsclmck.

730 2488 794 2535 in
837 2484 1006 2536 Arcc.
1042 2487 1206 2537 Zool.
1252 2506 1304 2555 p.
1342 2497 1454 2554 ¹94·
1526 2486 1679 2538 Pall.
1706 2485 1850 2554 flor.
1890 2484 2015 2555 roff
2071 2499 2120 2534 2.

729 2572 784 2619 p.
832 2564 943 2617 104.
1813 2613 1821 2615 -

526 2621 664 2671 Hab.
700 2624 760 2670 in
793 2625 957 2688 pratis
1002 2623 1318 2673 siccioribus
1361 2624 1795 2674 Novaccolarum
1827 2622 2122 2687 Lapponiae

594 2690 863 2752 sylvaticae
895 2691 1103 2739 infimae
1137 2693 1324 2740 rarius,
1396 2695 1508 2758 Ego
1535 2710 1658 2742 eam
1689 2693 1755 2741 ad
1774 2691 2122 2757 Tuggunsele

594 2760 890 2823 Lapponiae
915 2759 1174 2808 Umensis
1199 2762 1472 2825 copiosius
1497 2761 1624 2809 vidi.

656 2828 819 2874 Rami
842 2829 901 2874 in
927 2829 1233 2891 Lapponica
1267 2829 1450 2893 planta
1489 2827 1813 2878 internodiis
1847 2825 2121 2888 longiores

527 2905 680 2953 sunt,
699 2895 789 2942 sed
806 2895 1071 2942 foliorum
1086 2896 1253 2961 figura
1271 2907 1322 2944 et
1345 2900 1620 2960 angusties
1644 2894 1857 2944 corollae
1876 2908 1978 2940 nec
2006 2909 2124 2940 non

527 2963 678 3017 radix
704 2963 836 3009 flava
867 2974 928 3010 ut
952 2964 1012 3010 in
1047 2964 1230 3027 planta
1257 2964 1376 3013 Cel..
1396 2965 1787 3013 Willc’2e110wii.
1876 2957 2130 3007 Gentia-

529 3046 663 3077 nam
691 3042 1067 3095 campestrem
1105 3048 1282 3096 neque
1321 3035 1379 3080 in
1405 3034 1675 3098 Lapponia
1702 3043 1879 3092 neque
1914 3030 1973 3074 in
2007 3028 2123 3076 aliis

527 3100 823 3163 provinciis
848 3100 1365 3163 septentrionalibus
1393 3102 1594 3166 reperi3
1635 3097 1780 3145 unde
1803 3095 2123 3144 crediderim

529 3182 649 3214 earn
673 3167 731 3213 in
755 3165 826 3220 ΕΙ.
855 3167 995 3231 lapp.
1022 3168 1236 3215 Linnaei
1264 3170 1417 3232 lapsu
1451 3167 1737 3217 niemoriae
1764 3164 1980 3212 allatam
2007 3179 2122 3213 esse

529 3234 647 3281 loco
675 3234 961 3283 Gentianae
984 3230 1323 3285 Amarelloe.
