2194 3893
300 1962 334 1987 «ἑὲ.

482 180 602 244 496
1020 175 1615 269 eRYPToeAMIA.

614 305 668 354 F.
700 307 1082 356 canaliculatus
1127 304 1533 357 Linn.lzerbcz7·.
1581 333 1649 343 —
1717 306 1938 377 Lighcs.
1985 321 2123 359 scot.

747 392 798 439 p.
824 389 939 437 917.
1014 374 1193 423 Gmel.
1219 373 1488 445 hisafac.
1514 393 1566 439 p.
1598 389 1678 440 75.
1719 389 1754 424 t.
1786 396 1826 424 1.
1864 379 1928 426 A.
1969 379 2051 444 fig.
2074 392 2121 427 2.

747 439 920 509 Engl.
953 440 1065 492 boc.
1107 457 1182 491 12.
1222 456 1242 490 t
1283 450 1400 506 823.
1480 442 1712 492 Turner.
1745 444 2118 514 synops.fuc.

745 525 802 556 n.
831 517 920 572 44.
993 508 1327 578 Zoegczstor
1365 509 1569 560 island.
1609 530 1663 560 n.
1686 521 1720 572 8

608 575 665 625 F.
701 578 906 625 excisus
940 577 1108 626 Limz.
1142 595 1287 646 spec.
1314 577 1496 644 plant.
1534 598 1585 646 p,
1626 579 1771 645 1627.
1863 575 2118 630 Gunher.

774 661 927 694 nort).
965 663 1020 693 n.
1049 655 1163 708 514.

608 711 665 759 F.
704 713 973 761 rotundus
1012 711 1197 779 Esper
1219 716 1285 762 ic.
1310 710 1432 781 fac.
1472 725 1508 762 t.
1536 727 1612 775 17.

540 776 676 827 Hah.
715 781 775 827 in
808 784 1075 846 supremis
1109 782 1383 831 littoribus
1427 783 1521 830 ubi
1557 784 1785 831 nonnisi
1832 801 1858 832 a
1898 800 2121 832 summo

503 896 505 899 .
536 900 537 903 ,
606 847 760 895 fluxu
784 850 948 897 maris
981 852 1221 915 tangitur
1244 867 1339 915 per
1365 867 1478 900 oras
1506 853 1787 899 interiores
1816 852 2126 899 insularum

606 917 750 964 etin
784 918 982 965 mediis
1019 918 1248 966 sinubus
1288 920 1454 966 totius
1507 918 1859 968 Nordlandiae
1901 931 1953 969 et
1995 919 2123 967 Fin-

603 985 830 1032 :markiae
867 985 1072 1047 ubique
1108 985 1431 1046 frequenter.

665 1050 886 1093 Folium
934 1050 1049 1108 ejus
1097 1050 1318 1094 crassius
1359 1063 1523 1111 quam
1568 1052 1628 1095 in
1666 1053 2020 1111 sequentibus
2069 1063 2122 1100 et

537 1114 810 1178 plerisque
835 1114 1069 1170 caeteris,
1109 1128 1324 1177 semper
1349 1128 1500 1177 seque
1522 1126 1839 1179 angustum,
1878 1116 1967 1164 sed
1997 1120 2120 1166 lon-

537 1180 724 1246 gitudo
764 1179 877 1241 ejus
923 1181 1065 1227 varia
1102 1181 1385 1229 interdum
1428 1184 1520 1249 vix
1567 1182 1866 1246 pollicaris‚
1923 1187 2120 1251 saepius

537 1248 680 1296 ultra
717 1249 990 1311 palmaris.
2096 1258 2101 1263 ’

467 1322 584 1380 947.
620 1316 844 1365 FUCUS
884 1314 1324 1364 mammilloszcs:
1370 1316 1716 1365 dichotomus
1753 1317 1971 1366 linearis
2009 1336 2119 1367 car-

671 1384 928 1449 tilagineo
953 1413 973 1423 -
999 1384 1446 1432 membranaceus
1505 1400 1663 1449 supra
1734 1386 2117 1446 canaliculatus

669 1453 874 1501 nitidus
908 1468 1322 1517 purpurascens:
1371 1452 1610 1516 apicibus
1644 1454 1979 1512 rotundatis,
2031 1465 2116 1502 tu-

660 1520 896 1568 berculis
919 1520 1409 1585 subularginalibus
1434 1520 1754 1585 pedicellatis
1780 1519 2117 1586 demumque

666 1588 922 1636 foliaceis.
1962 1641 1976 1648 d

600 1655 1076 1706 F.1uammillosus
1108 1652 1162 1703 T
1154 1670 1343 1703 amer.
1359 1651 1716 1725 synops.ficc.
1737 1665 1896 1720 n.45.
1942 1653 2113 1726 Engl.

737 1722 849 1772 boc.
879 1734 955 1786 ²5·
994 1736 1029 1772 t.
1060 1732 1203 1785 1054.
1243 1725 1431 1788 optim.
1733 1747 1736 1749 Α

597 1791 655 1841 F.
689 1792 983 1841 alveolatus
1020 1788 1219 1857 Esper.
1245 1787 1468 1860 iafzcc.
1506 1810 1558 1858 p.
1591 1804 1702 1856 159.
1740 1803 1777 1840 t.
1802 1804 1885 1854 70.
1922 1788 2114 1853 (cana-

736 1860 985 1908 liculatus
1000 1858 1042 1921 ).

595 1926 653 1977 F.
679 1928 986 1976 ceranoides
1026 1930 1064 1978 δ.
1107 1925 1290 1976 Gmel.
1322 1925 1594 1996 laisaszcc.
1619 1946 1670 1993 p.
1691 1936 1814 1991 115.
1844 1966 1851 1975 .
1886 1922 2114 1995 Liglztf.

734 2006 872 2043 Scoc.
910 2013 961 2060 p.
987 1994 1115 2057 516.
1733 2046 1737 2047 ⁷

595 2061 652 2111 F.
678 2065 1100 2127 Spermophorus
1144 2059 1388 2110 Gunner.
1407 2059 1550 2126 flor.
1578 2079 1729 2111 norw.
1769 2079 1824 2110 11.
1848 2061 1993 2123 414?

527 2128 664 2178 Hah.
710 2133 769 2178 in
817 2131 1172 2178 inferioribus
1212 2130 1483 2178 littoribus
1521 2131 1621 2178 sub
1662 2131 1868 2179 refluxu
1916 2131 2112 2179 infimo

596 2209 817 2247 tantum
844 2199 1127 2246 denudatis
1162 2215 1256 2262 per
1285 2193 1617 2263 promotoria
1652 2199 1939 2246 etinsulas
1966 2210 2109 2247 exte·
2180 2201 2184 2207 '

594 2268 763 2314 riores
787 2266 1135 2314 Nordlandiae
1161 2267 1484 2330 frequenter.
1555 2267 1667 2330 Ego
1702 2281 1831 2314 eum
1857 2266 1915 2312 in
1939 2281 2110 2330 paroe-

597 2336 674 2382 cia
700 2334 955 2383 Foldensi
990 2334 1098 2383 fere
1131 2334 1333 2398 ubique
1369 2334 1490 2398 legi.

663 2398 973 2450 Substantia
1003 2399 1097 2450 sua
1122 2404 1242 2450 satis
1280 2402 1342 2462 ab
1370 2403 1690 2465 insequente
1725 2397 1783 2448 F.
1811 2402 1993 2466 crispo
2028 2399 2111 2449 di-

527 2467 840 2536 sffi'ngvttur.
915 2470 1265 2538 Quamquam
1295 2470 1510 2518 tenuior
1535 2479 1644 2527 est,
1682 2479 1863 2516 tamen
1890 2473 1957 2516 ita
1982 2469 2111 2517 ridi-

528 2536 807 2586 diusculus
840 2549 903 2585 ut
932 2555 1027 2603 per
1061 2555 1115 2591 se
1139 2541 1274 2586 stare
1299 2548 1456 2602 queat
1481 2540 1614 2584 dum
1648 2538 1826 2584 refluit
1856 2538 2020 2600 aqua,
2058 2546 2113 2584 et

525 2601 786 2665 pulvillos
834 2607 1187 2671 perpulchros
1235 2608 1293 2653 in
1343 2605 1576 2669 scopulis
1616 2604 1829 2652 format.
1906 2605 2112 2651 Revera

528 2668 866 2717 subcorneus
903 2685 983 2721 est
1018 2685 1070 2722 et
1097 2674 1252 2721 valde
1289 2684 1460 2720 tenax.
1531 2673 1709 2720 Etiam
1746 2673 1970 2718 siccatus
1998 2671 2108 2718 Fu-

527 2753 620 2784 cus
637 2736 790 2783 valde
806 2734 1017 2793 flexilia.
1042 2741 1131 2788 sed
1158 2743 1232 2788 ita
1256 2742 1634 2789 tenacissimus
1659 2741 1821 2786 utvix
1839 2738 2109 2802 disrumpi

528 2815 703 2868 queat.
774 2803 1088 2867 superficies
1117 2802 1232 2864 ejus
1261 2809 1431 2856 nitida
1454 2809 1520 2854 ob
1547 2807 1858 2855 cellulosam
1890 2822 2106 2870 compa-

529 2874 757 2920 ctiorem
792 2887 957 2937 quam
986 2871 1045 2918 in
1082 2866 1141 2917 F.
1182 2870 1382 2935 crispo.
1458 2874 1621 2921 Color
1656 2889 1868 2935 semper
1897 2890 2106 2938 purpu-

528 2956 619 2987 reo
643 2968 665 2978 -
688 2940 887 2987 fuscus.
959 2938 1178 2986 Folium
1213 2940 1522 3001 regulariter
1544 2940 1935 3005 ,dichotomum
1971 2939 2107 2997 (nec

527 3018 591 3054 ut
623 3008 682 3054 in
713 3005 775 3053 F.
812 3007 994 3071 crispo
1044 3005 1511 3070 subpalniatum):
1579 3006 1786 3053 laciniae
1828 3008 1884 3053 in
1930 3008 2105 3057 media

527 3073 642 3136 ejus
676 3074 964 3121 altitudine
986 3089 1154 3137 prope
1175 3074 1445 3136 margines
1473 3071 1660 3119 obsitae
1683 3073 1976 3122 tuberculis
1998 3092 2103 3122 nu·-

523 3143 771 3201 merosis,
795 3142 1241 3205 subcompressis‚
1256 3138 1544 3203 globulum
1566 3141 1888 3189 seminalem
1913 3142 2102 3191 foven-
2135 3145 2147 3180 ’-

522 3208 686 3259 tibuo.
756 3208 951 3260 Versus
983 3211 1154 3275 apices
1188 3207 1508 3257 laciniarum
1542 3206 1825 3258 tubercula
1859 3210 1974 3259 haec
2019 3226 2102 3257 ra-

594 3288 609 3295 ‘
1529 3287 1531 3289 ’
1964 3278 2101 3327 riora
