2194 3893
528 172 782 225 ALGAE
839 173 1357 243 AQUATICAE.1
1639 198 1756 253 513

227 298 289 351 C.
325 307 585 369 rupestris
625 303 797 354 Linn.
833 322 971 355 svec.
1007 325 1060 355 n.
1100 308 1244 370 1176.
1328 308 1582 379 Dilltqrn
1621 314 1751 368 bric.

374 369 526 440 conf.
578 385 612 422 t.
641 385 722 437 23.
798 373 1010 422 z‘ncrod.
1039 394 1088 441 p.
1111 376 1193 439 65.
1277 377 1535 449 Roch.st.
1566 372 1754 454 ger-mi

368 451 416 502 5.
454 459 506 505 p.
561 441 678 502 516.
784 439 955 510 Engl.
1002 442 1113 492 boc.
1153 453 1232 505 24.
1275 459 1308 497 t.
1365 449 1504 514 1699.
1554 457 1746 519 optim.

296 536 301 540 -
366 506 517 557 Flor.
547 507 682 558 dan.
723 522 742 557 t
785 519 902 575 948.
985 508 1243 577 Roclz.fl.
1265 533 1444 583 germ.
1478 531 1523 582 3.
1553 539 1602 586 p.
1627 522 1746 584 516.

158 573 298 624 Hah.
325 577 381 624 in
416 578 640 642 rupibus
678 579 1001 628 littoralibus
1041 583 1292 645 inprimis
1327 602 1496 650 prope
1537 593 1748 640 exitum

222 643 523 694 fluviorum
555 665 650 712 per
674 659 845 696 totam
873 647 1266 712 Nordlandiam
1288 665 1340 701 et
1372 655 1746 710 Fimnarkiam

224 712 561 777 frequenter,

237 782 244 786 “
291 778 653 847 Sequentibus
686 783 849 849 longe
881 784 1107 848 rigidior
1131 797 1183 834 et
1214 786 1473 854 fragilior,
1512 791 1644 841 adeo
1681 806 1744 842 ut

153 849 466 897 exsiccando
503 852 648 898 haud
688 852 937 899 adhaeret.
1031 853 1140 901 Fila
1181 860 1369 904 omnia
1402 868 1525 905 tum
1562 861 1741 910 infimi

150 918 334 981 stirpis
380 935 437 966 ac
483 935 764 967 ramorum
806 921 1136 968 ultimorum
1175 923 1423 984 ejusdem
1455 927 1565 975 fere
1603 945 1739 977 cras-

149 985 406 1033 situdinis
447 989 556 1034 scil.
602 988 792 1052 capillo
831 990 923 1034 vix
961 992 1223 1036 tenuiora.
1314 993 1569 1056 Figuram
1599 997 1737 1044 Dill-

147 1056 315 1115 wynii
353 1055 493 1101 haud
528 1056 729 1103 bonam
761 1072 874 1104 esse
905 1068 1066 1119 puto;
1128 1059 1309 1106 multo
1343 1064 1513 1126 magis
1562 1064 1737 1126 placet

144 1117 319 1187 Engl.
358 1120 469 1170 boc.
513 1124 610 1170 tab.
655 1127 740 1171 cit.
767 1136 829 1170 ut
852 1126 1016 1172 etiam
1053 1124 1219 1188 figura
1258 1125 1320 1175 C.
1359 1132 1735 1196 oegagropz'lae

145 1189 206 1235 in
244 1190 394 1237 Web.
435 1203 485 1239 et
520 1193 698 1239 Mohr.
735 1192 964 1240 schvved.
999 1193 1164 1251 reise‚
1217 1210 1338 1258 quae
1362 1207 1580 1246 tantum
1618 1200 1733 1250 bre-

145 1258 310 1306 vitate
335 1259 397 1305 ab
423 1261 515 1307 hac
538 1259 729 1307 differt.
1315 1271 1319 1275 '

277 1325 484 1376 Omnes
525 1327 812 1375 Confervae
846 1326 1012 1388 hujus
1055 1338 1107 1376 et
1152 1331 1428 1392 sequentis
1476 1333 1729 1384 sectionis

143 1393 315 1442 niodo
368 1395 641 1443 crescendi
688 1395 850 1460 longe
895 1395 1157 1443 differunt
1196 1412 1222 1442 a
1278 1400 1728 1461 praecedentibus.

138 1461 281 1509 Sunt
315 1463 514 1511 scilicet
552 1464 756 1527 ubique
782 1462 1033 1523 ejusdem
1059 1464 1454 1526 crassitudinis,
1487 1471 1725 1518 articulis

139 1532 291 1593 quasi
333 1533 694 1580 concatenatis
743 1534 1059 1595 compositae
1109 1543 1160 1580 et
1197 1547 1377 1579 revera
1409 1536 1725 1586 monilifor-

140 1614 278 1646 mes.
379 1600 420 1646 E
462 1611 642 1648 contra
690 1600 1119 1662 praecedentium
1162 1601 1469 1650 sectionum
1511 1605 1724 1653 confer-

141 1681 226 1714 vae
255 1684 281 1715 e
310 1678 502 1716 trunco
525 1669 780 1732 crassiore
800 1670 1004 1715 sensim
1044 1678 1407 1716 extenuantur
1449 1672 1505 1718 in
1544 1689 1723 1722 ramos

136 1735 424 1783 multoties
484 1737 788 1794 tenuiores,
866 1751 976 1799 quo
1029 1735 1287 1783 fabricam
1342 1736 1507 1802 longe
1550 1743 1723 1805 magis

133 1805 494 1866 compositam
551 1804 794 1853 indicant
844 1814 897 1852 et
947 1802 1102 1852 Fucis
1155 1804 1594 1873 Lichenibusque
1639 1825 1722 1856 ac·

138 1871 357 1919 cedunt.

64 1979 180 2036 931.
220 1972 600 2022 CONFERVA
630 1973 991 2042 glomerata.-
1043 1975 1317 2023 articulata
1349 1975 1605 2041 virgatim
1638 1992 1718 2025 ra-

261 2058 449 2101 mosa,
510 2044 736 2091 ramulis
774 2043 1060 2101 secundis,
1107 2045 1269 2108 septis
1306 2042 1722 2104 subcontractis‚

271 2113 569 2176 segmentis
599 2112 862 2177 elongatis
888 2111 1172 2175 pellucidis
1197 2111 1719 2177 virescentibusque.

199 2176 257 2227 C.
299 2180 594 2244 glomerata
613 2176 784 2228 Litzn.
811 2195 957 2245 spec.
983 2178 1167 2241 plane.
1210 2196 1259 2240 p.
1302 2177 1446 2240 1637.
1530 2176 1717 2229 Hads.

317 2244 393 2311 sl.
422 2245 575 2312 angl.
601 2264 650 2311 p,
683 2246 801 2294 602.
874 2243 1131 2313 Dillwyn
1159 2244 1323 2312 Conf.
1370 2245 1526 2296 briht.
1563 2257 1601 2295 t.
1642 2259 1718 2310 15.

335 2311 550 2362 z'tzcrocl.
576 2333 627 2379 p.
650 2313 733 2376 65.
1422 2315 1425 2319 ’

126 2396 173 2443 β.
206 2384 438 2430 marina
463 2383 647 2447 paullo
674 2384 928 2438 crassior,
963 2379 1207 2428 viridior.

198 2450 259 2499 C.
309 2451 617 2513 crystallina
663 2446 932 2513 Roclz.'ss.
969 2461 1129 2508 germ
1160 2459 1208 2508 5.
1242 2464 1296 2512 p.
1333 2455 1450 2509 5¹5·
1502 2449 1717 2510 (forsan

334 2518 390 2566 Cx
419 2518 722 2566 laetevirens
751 2514 921 2582 EngJZ.
949 2514 1061 2565 boc.
1090 2513 1170 2563 26.
1197 2525 1231 2561 t.
1264 2515 1468 2578 1354?)

125 2586 261 2635 Hab.
309 2588 368 2634 in
411 2586 676 2650 lapidibus
728 2581 1029 2632 fluviorum
1083 2584 1377 2647 puriorum
1424 2586 1719 2650 Lapponiae

196 2654 466 2719 sylvaticae
505 2657 704 2713 rarius;
773 2663 826 2701 at
862 2665 906 2702 Β.
950 2654 1012 2700 in
1045 2651 1184 2698 mari
1229 2649 1598 2701 Nordlandico
1641 2667 1720 2703 sat

194 2723 430 2770 vuloaris
447 2757 458 2769 .
1692 2756 1694 2758 .

260 2764 587 2839 l'ssaecedenti
627 2787 802 2836 forma
824 2788 1183 2836 articulorum
1221 2796 1274 2834 et
1306 2797 1414 2835 tota
1454 2799 1717 2838 structura

129 2860 437 2916 simillima,
476 2858 567 2906 sed
594 2857 796 2903 ramuli
823 2857 987 2920 longe
1029 2855 1268 2903 crebrius
1312 2854 1473 2903 divisi
1507 2868 1559 2905 et
1600 2873 1715 2923 seg·-

121 2939 308 2977 menta
335 2927 564 2976 nonnisi
586 2920 899 2988 parcissima
927 2919 1156 2971 materia
1191 2920 1480 2987 granulosii
1516 2925 1716 2989 repleta

122 2995 333 3045 flaccida
354 3029 369 3054 ,
402 2993 506 3042 vnec
525 2992 657 3041 adeo
683 2992 846 3040 fareta
866 3003 919 3039 et
943 2991 1112 3057 rigida
1135 3006 1193 3037 ac
1218 2990 1589 3054 praecedentis·

49 3105 174 3164 7932.
216 3092 930 3146 CONFERvAliccoralis:
977 3072 1252 3141 articulata
1289 3091 1601 3140 dichotoma
1633 3109 1715 3164 ¹5³·
1783 3147 1787 3151 Α

249 3165 560 3214 mosissima
605 3163 970 3222 tenuissima,
1045 3160 1345 3226 segmentis
1395 3155 1741 3211 abbreviatis*
1765 3194 1784 3221 a

257 3232 542 3328 pellucidis
562 3230 909 3298 pallidisque.
1037 3296 1041 3301 ξ
1081 3297 1171 3346 Kk
