2194 3893
430 246 549 301 224
976 197 980 201 φ
1027 224 1480 288 MONOECIA.

496 367 625 428 ipsa.
699 361 943 429 Capsulae
963 365 1183 428 nitidae,
1232 369 1513 417 straminei
1544 369 1767 431 coloris,
1813 383 2003 423 tenues
2025 384 2086 422 ut

495 431 607 480 fere
662 435 903 481 scariosae
918 468 933 494 ‚
980 436 1437 485 convexiusculo·
1453 437 1658 502 planae,
1697 441 2084 506 integerrimae,

494 501 814 560 rostellatae‚
872 502 1475 569 imbricato-patentes.
1560 507 1797 556 Gramen
1837 509 2084 574 pulchel-

496 568 620 616 lum
645 571 880 618 omnino
905 582 1012 631 est,
1052 582 1105 621 et
1130 572 1198 620 ob
1225 573 1463 637 capsulas
1489 572 1883 626 diversissimas
1907 593 2087 644 neque

490 638 821 701 praecedenti
844 636 1018 688 affine.

423 742 540 800 420.
581 738 818 788 CAREX
852 737 1308 810 Levcogloclzz'tz:
1346 744 1484 808 spica
1509 745 1749 810 simplici
1773 743 2085 810 androgyna

621 809 1047 874 subquadrissora
1076 845 1093 869 ‚
1167 812 1511 875 stigmatibus
1570 814 1743 862 tribus
1771 848 1787 873 ,
1857 814 2087 878 capsulis

554 929 561 939 Χ
620 877 930 926 lanceolatis
973 879 1228 927 teretibus
1253 880 1492 939 reflexis,
1532 880 1662 930 folio
1687 881 2052 930 canaliculato.

557 942 621 994 C.
645 946 1039 1010 Levcoglochin
1079 944 1260 994 Elzrlz.
1284 945 1446 1014 plzyc.
1488 965 1542 995 n.
1567 957 1617 1008 ὅ.
1700 947 1961 998 Persoon
1989 965 2086 1017 sy-

697 1030 854 1079 nops.
895 1027 941 1061 2.
980 1032 1030 1079 p.
1057 1025 1173 1076 555.
1213 1012 1365 1063 Flor.
1400 1012 1534 1065 dan.
1574 1022 1624 1074 8.
1664 1028 1699 1066 t.
1734 1030 1878 1085 1579.
1918 1015 2083 1083 Hop-

691 1098 765 1147 pe
789 1080 1077 1130 caschenb.
1125 1091 1268 1141 1801.
1307 1100 1359 1147 p.
1396 1092 1508 1146 144.
1604 1095 1607 1097 ’
1732 1108 1736 1112 Δ
1879 1121 1891 1125 -

557 1146 616 1198 C.
640 1146 933 1215 'pauciflora
971 1147 1194 1219 Liglzqf.
1219 1162 1359 1200 scot.
1399 1169 1450 1217 p.
1474 1158 1591 1215 545.
1616 1163 1653 1201 t.
1681 1151 1728 1199 6.
1757 1153 1792 1201 f.
1820 1168 1866 1202 Ω.
1912 1151 2084 1206 VVz‘lt'-

694 1214 824 1266 den.
863 1233 1012 1284 spec.
1049 1216 1236 1284 plant.
1286 1227 1336 1282 4.
1383 1238 1434 1287 p.
1459 1234 1576 1270 Ωιι.
1648 1218 1821 1293 Engl.
1847 1220 1962 1272 boc.
2000 1236 2083 1288 29.

689 1297 727 1333 t.
753 1295 904 1345 2042.

551 1352 609 1402 C.
633 1355 886 1419 pulicaris
927 1353 1097 1404 Lmn.
1123 1372 1263 1404 sves.
1318 1374 1374 1405 n.
1402 1365 1525 1421 854.
1599 1355 1834 1426 lappon.
1882 1375 1939 1408 n.
1964 1369 2078 1425 539-

687 1420 890 1490 Zoega
913 1421 1119 1472 island.
1164 1450 1231 1460 —

483 1490 620 1540 Hab.
658 1492 1040 1559 inbpaludibus
1075 1492 1365 1558 profundis
1400 1493 1707 1559 spongiosis
1741 1510 1838 1558 per
1872 1507 2084 1561 partem

553 1559 864 1622 sylvaticam
886 1563 1149 1609 omnium
1172 1563 1578 1627 Lapponiamm
1604 1566 1939 1611 svecicarum
1959 1565 2083 1611 vul-

549 1629 718 1693 garis,
758 1640 820 1676 ut
843 1631 1009 1677 etiam
1034 1631 1092 1678 in
1116 1630 1494 1694 subsylvaticis
1535 1633 1776 1695 parcius,
1827 1631 1918 1679 sed
1941 1633 2079 1680 ulte-

550 1699 661 1745 rius
686 1697 828 1762 alpes
859 1714 1046 1746 versus
1073 1699 1214 1746 haud
1245 1698 1555 1759 adscendit,
1598 1716 1779 1764 neque
1811 1716 1838 1748 e
1870 1700 2077 1749 Norve·

548 1766 667 1830 gico
693 1766 852 1814 latere
877 1783 1128 1831 unquam
1150 1769 1277 1815 visa.
1905 1777 1922 1787 ‘

618 1833 702 1881 Ob
728 1835 1156 1883 similitudinem
1183 1834 1459 1900 quandam
1489 1846 1770 1899 externam
1808 1838 2076 1901 sequenti,

472 1917 697 1950 necesse
769 1914 849 1950 est
922 1903 1351 1967 descriptionem
1414 1904 1692 1967 quan-flam
1756 1907 2074 1969 comparati·

477 1985 607 2017 vam
639 1969 1002 2036 subjungere,
1051 1971 1214 2037 idque
1248 1989 1308 2020 eo
1341 1973 1513 2037 magis
1550 1989 1728 2038 quum
1758 1973 1924 2039 figura
1950 1974 2074 2021 nul-

474 2037 524 2086 la
581 2040 725 2086 mihi
767 2040 1036 2088 satisfacit.
1147 2041 1318 2088 Radix
1380 2042 1614 2089 omnino
1670 2056 1864 2104 repens
1916 2052 2074 2107 atque

476 2108 657 2155 tenuis
694 2110 811 2156 sine
848 2109 972 2156 ullis
1007 2111 1248 2173 squamis
1281 2109 1584 2171 majoribus
1610 2125 1707 2161 seu
1733 2109 1874 2157 foliis
1897 2125 2072 2158 emar·

475 2174 619 2229 cidis.
705 2176 920 2241 Vaginae
958 2177 1129 2224 culmi
1164 2177 1448 2226 inferiores
1497 2178 1728 2241 aphyllae
1764 2187 1816 2224 et
1853 2188 2073 2225 tantum

471 2255 840 2302 mucronatae3
894 2247 1092 2293 intima
1127 2244 1258 2292 folio
1297 2245 1819 2294 submembranaceo
1857 2256 1909 2293 et
1943 2246 2069 2293 sub-

473 2313 770 2360 convoluto
815 2313 900 2361 vel
944 2314 1296 2361 canaliculato
1338 2317 1615 2361 instructa.
1699 2312 1933 2361 Culmus
1980 2315 2070 2361 tri·

475 2391 680 2443 queter.
764 2379 1010 2445 Capsulae
1070 2382 1415 2441 fulvescunt,
1482 2392 2069 2430 attenuato-rostratae.

469 2448 651 2508 Stylus
687 2449 986 2516 perlongus
1024 2462 1103 2498 est
1127 2462 1285 2515 atque
1323 2452 1461 2498 intra
1496 2449 1772 2515 capsulam
1805 2449 2073 2513 spiraliter

468 2526 785 2574 contortus,
833 2528 885 2564 et
921 2519 1100 2565 nihilo
1137 2530 1323 2566 tamen
1368 2520 1555 2566 minus
1605 2528 1751 2566 extra
1799 2518 2066 2581 capsulam

470 2594 710 2630 exsertus
758 2586 818 2631 in
864 2585 1105 2633 modum
1141 2588 1316 2635 aristae
1353 2597 1513 2651 atque
1549 2587 1610 2634 in
1648 2586 1900 2651 stigmata
1945 2585 2066 2633 lon-

468 2667 532 2716 ga
571 2651 773 2699 abiens.

525 2765 529 2768 .
597 2720 659 2766 In
712 2719 987 2782 Lapponia
1042 2720 1374 2783 neutiquam
1428 2722 1685 2784 provenit
1735 2718 1799 2768 C.
1844 2717 2062 2786 psyllo-

465 2783 656 2853 phora
688 2783 870 2834 Elzrlz.
907 2802 1086 2850 neque
1129 2788 1187 2834 in
1225 2788 1336 2835 ulla
1378 2787 1478 2835 alia
1524 2790 1805 2853 provincia
1849 2797 2062 2851 septen·

466 2856 683 2903 trionali
710 2857 927 2911 sveciae;
965 2857 1144 2919 itaque
1170 2871 1526 2917 synonymon
1563 2852 1708 2903 Flor.
1732 2851 1917 2920 Lapp.
1956 2855 2062 2904 huc

468 2923 823 2971 referendum
846 2924 891 2971 si
914 2938 1029 2971 non
1054 2924 1118 2970 ad
1137 2920 1200 2971 C.
1228 2919 1497 2973 dz'oz'cam.
1904 2926 1909 2929 ’

402 3032 526 3082 421.
578 3022 814 3072 CAREX
860 3018 1310 3090 microgloelzz'n:
1379 3027 1522 3090 spica
1577 3022 1816 3086 simplici
1864 3023 2059 3072 andro-

603 3109 743 3156 gyna
769 3094 1201 3153 subniultillora,
1239 3092 1585 3157 stigmatibus
1618 3092 1817 3149 tribus,
1870 3109 2056 3156 capsu-

604 3161 669 3208 lis
694 3163 983 3209 attenuatis
1010 3161 1406 3210 semiteretibus
1430 3158 1635 3208 reflexis
1651 3191 1668 3218 ‚
1706 3160 1863 3207 arista
1885 3162 2056 3209 acicu-

601 3229 703 3277 lari
727 3232 966 3278 exserta.
2055 3240 2059 3243 ·

1762 3292 1822 3344 C.
1857 3298 2056 3346 micro-
