2194 3893
641 179 1044 264 TRIANDRI
1056 181 1117 234 A.
1632 201 1705 255 55

105 325 256 377 paras
279 310 494 374 ferunt,
532 324 585 362 et
606 313 911 362 admodum
937 314 1044 361 laxi
1072 325 1137 362 ut
1165 313 1274 365 fere
1304 315 1535 382 penduli
1571 332 1703 370 sunt

105 391 266 444 atque
305 381 580 446 longiores
620 398 784 448 quam
820 381 1049 429 dimidia
1077 385 1355 447 panicula3
1412 390 1552 436 rami
1599 405 1700 438 cae.

101 450 203 497 teri
229 451 567 499 erectiusculi
593 451 730 511 (nec
755 449 941 499 diffusi
963 462 1016 498 et
1037 461 1294 502 nutantes
1331 465 1395 502 ut
1425 457 1483 504 in
1506 456 1573 504 A.
1598 474 1700 507 cae-

102 518 306 582 spitosa
330 529 382 566 et
405 519 690 579 flexuosa).
764 518 974 566 Omnes
999 529 1123 566 tum
1145 523 1282 568 rami
1305 538 1361 570 ac
1382 526 1580 574 ramuli
1601 527 1697 574 lae-

102 586 320 643 vissimi
357 599 488 635 sunt
520 588 664 653 (quo
698 586 1003 635 admodum
1036 586 1214 635 differt
1257 605 1282 636 a
1314 593 1695 654 praecedenti).

100 653 333 719 Spiculae
373 656 601 716 majores
649 671 816 721 quam
856 657 917 702 in
951 655 1280 719 praecedenti
1310 659 1399 707 vel
1446 659 1697 722 ejusdem

100 720 214 771 fere
239 724 639 788 magnitudinis
665 736 717 773 et
739 725 923 790 figurae
945 740 1002 772 ac
1026 724 1085 771 in
1108 723 1237 771 Aira
1260 737 1556 787 montana,
1603 731 1695 778 ba-

102 791 149 839 si
183 801 236 838 et
263 793 454 840 carinis
492 793 981 852 violaceo-fuscis,
1040 790 1107 840 de
1139 803 1334 841 caetero
1371 799 1694 847 stramineo-

100 859 356 907 nitenteS.
404 860 444 907 V
448 861 645 910 alx-ulae
671 862 858 925 calycis
880 860 991 909 fere
1017 862 1252 909 omnino
1276 864 1531 927 aequales,
1570 881 1690 914 acu-

4 958 50 967 --
99 929 361 987 minatae,
417 939 540 977 tum
583 930 742 979 dorso
778 945 837 978 ac
866 929 1209 994 marginibus
1248 930 1498 981 laevibus.
1570 935 1694 983 Flo-

41 1053 50 1058 ·
100 995 238 1044 sculi
263 995 612 1063 longitudine
645 998 1108 1061 calycis,omnino
1133 999 1342 1046 sessiles
1370 1011 1421 1048 et
1447 1005 1692 1067 congesti

28 1117 48 1132 Α
98 1062 240 1125 (nec
270 1080 365 1129 per
395 1066 803 1132 elongationem
836 1065 1068 1114 rachidis·
1098 1065 1405 1130 pedicellati
1437 1080 1489 1118 et
1510 1087 1690 1119 remo-

97 1133 322 1181 tiusculi
343 1144 500 1199 atque
526 1136 650 1184 stilo
678 1135 854 1200 piloso
878 1134 1211 1183 interstincti
1232 1146 1294 1182 ut
1324 1138 1383 1184 in
1410 1137 1476 1185 A.
1503 1143 1690 1205 caespi-

79 1211 213 1249 .tosa
226 1201 268 1262 ).
339 1202 517 1251 Arista
544 1204 756 1253 flosculi
781 1202 1055 1252 interioris
1081 1203 1267 1267 paullo
1302 1204 1442 1253 infra
1480 1209 1692 1272 apicem

96 1269 320 1319 bifidam
333 1272 545 1320 corollae
558 1275 758 1321 inserta
773 1277 936 1332 est‚'et
954 1271 1232 1319 valvulam
1252 1288 1412 1321 suam
1422 1276 1512 1323 vix
1528 1292 1626 1341 sup
1636 1293 1688 1325 e-

95 1354 247 1395 rans;
294 1339 508 1389 flosculi
538 1352 724 1389 autem
762 1341 1056 1405 superioris
1100 1341 1336 1389 omnino
1383 1345 1687 1394 terminalis

95 1406 428 1457 brevissima.
486 1408 736 1457 Rachidis
758 1408 1011 1475 singulus
1041 1409 1302 1457 articulus
1327 1411 1421 1458 vix
1443 1424 1690 1477 quartam

93 1486 307 1542 partem
328 1477 690 1543 longitudinis
712 1479 799 1526 sui
817 1476 1028 1525 flosculi
1053 1478 1289 1542 attingit.

225 1546 304 1592 Ex
327 1547 473 1594 hisce
493 1557 657 1611 patet,
679 1545 827 1611 quod
853 1545 997 1593 foliis
1019 1560 1135 1593 non
1150 1548 1691 1611 parunipraecedenti

95 1613 296 1663 accedit
328 1614 420 1663 sed
451 1614 844 1663 inflorescentia
876 1615 1050 1679 magis
1086 1617 1355 1678 sequenti.
1445 1616 1690 1682 Vivipara

95 1683 155 1731 fit
177 1684 502 1747 neutiquam
533 1680 1263 1749 germination‘e'germiniS,
1313 1683 1404 1730 sed
1437 1685 1690 1748 primum

93 1751 610 1800 excrescuntfoliola
636 1767 664 1799 e
682 1750 1166 1805 rachideflosculos
1193 1752 1533 1816 interposita,
1561 1754 1689 1803 dein

92 1835 175 1869 ex·
191 1821 338 1884 apice
362 1820 524 1885 petali
547 1820 821 1869 exterioris
846 1820 1138 1882 superioris
1160 1819 1306 1867 floris
1324 1855 1338 1879 ‚
1376 1831 1428 1868 et
1452 1820 1689 1887 denique

92 1890 263 1937 etiam
283 1904 346 1936 ex
369 1890 514 1952 apice
537 1888 813 1936 inferioris
839 1888 1014 1944 Hori53
1053 1888 1114 1933 in
1137 1889 1318 1952 primo
1343 1888 1512 1952 gradu
1534 1891 1689 1939 flores

86 1958 406 2022 superstites
432 1967 564 2004 sunt
583 1955 836 2021 perfecti,
872 1956 933 2003 in
957 1955 1159 2003 ultimo
1197 1955 1471 2018 delentur,
1509 1969 1562 2007 et
1588 1959 1689 2025 pili

93 2041 309 2091 quoque
332 2025 692 2072 flosculorum
716 2024 1012 2072 exuuntur.

223 2091 561 2159 Explicacio
592 2094 802 2140 z'com's:
849 2109 893 2140 a.
916 2108 1143 2158 gramen
1164 2093 1464 2158 integrum.
1513 2093 1566 2142 b.
1590 2094 1688 2144 Hos

91 2173 364 2228 separatus
401 2178 586 2228 magn.
621 2171 730 2209 nat.
804 2177 847 2209 c.
884 2161 1034 2209 idem
1064 2163 1454 2227 magnitudine
1481 2162 1687 2228 dupplo

91 2243 262 2280 aucta.
346 2230 396 2277 d.
444 2230 700 2278 flosculus
736 2229 963 2277 inferior
1002 2240 1253 2284 exemtus
1287 2246 1416 2278 cum
1462 2233 1686 2280 articulo

89 2300 319 2349 tachidis
344 2298 538 2348 eodem
561 2308 875 2363 augmenta
948 2314 993 2345 e.
1030 2297 1129 2346 flos
1168 2299 1480 2363 viviparus,
1530 2298 1686 2362 cujus

58 2401 62 2403 -
92 2369 350 2418 flosculus
386 2367 688 2415 terminalis
722 2367 781 2414 in
812 2365 1000 2413 foliola
1044 2366 1154 2413 duo
1196 2365 1552 2430 degeneratus
1588 2379 1687 2428 est,

92 2439 384 2503 superstite
408 2446 624 2484 tantuin
646 2434 874 2482 flosculo
897 2433 1158 2482 int'eriore
1179 2435 1436 2498 perfecto.

26 2504 106 2571 56.
143 2505 322 2556 AIRA
346 2501 654 2571 flexuosa.-
718 2502 860 2550 foliis
898 2504 1148 2561 aetneis,
1206 2503 1458 2567 panicula
1488 2502 1686 2552 divari-

222 2586 364 2634 cata,
401 2574 635 2621 flosculis
662 2572 898 2633 calycem
923 2571 1300 2635 aequantibus,
1348 2573 1507 2620 arista
1530 2574 1687 2637 geni·

186 2651 189 2653 ’
224 2644 396 2692 culata
420 2639 757 2706 longiuscula
782 2639 1109 2687 subexserta.

160 2710 228 2762 A.
253 2712 491 2760 flexuosa
522 2705 690 2756 Lz'mz.
715 2701 854 2756 svec‘.
894 2724 948 2754 n.
972 2719 1056 2769 71.
1093 2705 1330 2774 lappon.
1368 2723 1424 2754 n.
1446 2713 1530 2767 48.
1603 2705 1685 2755 Fl.

300 2776 436 2828 dan.
486 2789 521 2825 t.
561 2788 672 2839 157.
754 2770 976 2843 Liglztf.
1015 2787 1155 2823 scot.
1202 2793 1254 2840 Ρ.
1290 2785 1374 2839 95.
1446 2772 1686 2824 Solu-ad.

292 2864 474 2917 germ.
521 2863 574 2912 p.
599 2856 714 2908 259.
799 2840 1000 2899 Landc
1015 2840 1319 2913 faeroens.
1371 2868 1437 2879 —
1483 2841 1688 2914 Zoega

297 2911 508 2969 island.
545 2939 610 2950 —
646 2909 934 2962 Micsszaux
956 2929 1133 2960 amer.
1176 2928 1220 2961 1.
1256 2918 1310 2978 p'.
1335 2909 1421 2959 61.

226 2985 577 3052 Lapponibus
601 2978 834 3039 Simos.
858 2977 1059 3029 Siclno.
1093 3028 1107 3037 ,,
1403 3003 1410 3006 ·

94 3053 231 3104 Hah.
263 3057 321 3102 in
356 3054 557 3118 campis
598 3052 746 3099 siccis
787 3050 1028 3114 locisque
1071 3050 1256 3114 apricis
1292 3047 1564 3110 sterilibus
1592 3064 1689 3114 per

159 3135 370 3189 partem
393 3121 704 3187 sylvaticam
725 3120 984 3183 usquein
1008 3117 1249 3182 alpinam
1285 3120 1454 3165 totius
1478 3119 1688 3182 Lappo·

132 3194 267 3240 'niae
303 3190 706 3256 vulgatissime3
754 3188 847 3235 sed
880 3188 939 3234 in
962 3188 1200 3234 summis
1236 3185 1616 3239 cacuminibus
1638 3196 1690 3236 et

158 3258 418 3311 Iateribus
442 3259 655 3324 alpium
681 3256 824 3307 haud
850 3256 1148 3371 provenit.C

86 3337 90 3341 ,
348 3333 350 3335 .
1186 3333 1220 3370 2

803 3404 826 3416 δ
