2194 3893
577 192 828 264 cmm
878 190 1341 241 LAPPONIAE.
1678 203 1786 240 nn

140 327 312 392 peries
339 333 554 373 tantum
581 324 669 370 illa
698 324 948 371 aestivalis
973 324 1030 370 in
1065 322 1406 388 vegetatione
1436 320 1783 386 producenda

142 392 353 447 efficax,
401 393 684 440 constituit
717 392 903 450 clima,
950 391 1173 455 ejusque
1201 391 1393 455 gradus
1439 390 1781 439 determinat.

139 463 212 510 Ut
241 462 443 509 facilius
468 460 930 508 demonstraretur
953 472 1004 508 et
1032 456 1448 523 intelligeretur,
1489 473 1609 522 quae
1645 468 1783 504 tern-

141 533 314 595 peries
355 529 524 576 valeat
552 528 619 574 ¹ad
653 531 1051 590 vegetationem
1095 523 1463 586 efficiendam,
1513 527 1787 574 construxi

145 614 414 646 annexam
441 596 678 644 tabulam
708 599 986 663 temperiei
1012 594 1074 642 ad
1100 596 1425 652 Enontekis,
1463 604 1788 658 promonto-

144 669 293 715 rium
318 665 974 738 s‹2³pte11trionale‚aliaque
998 667 1126 712 loca.
1166 662 1294 710 lude
1319 663 1624 715 didicimus,
1663 677 1788 709 ean-

145 735 271 782 dem
295 742 714 799 temperaturam
737 736 977 783 mediam
1006 736 1060 781 in
1089 733 1241 780 omni
1265 731 1476 779 climate
1500 730 1701 794 requiri
1726 728 1792 775 ad

147 804 364 851 easdem
389 803 718 850 mutationes
741 806 877 851 veris
912 800 1258 850 efficiendas.-
1310 801 1492 864 ltaque
1532 810 1583 846 et
1619 798 1786 860 Upsa-

147 871 236 918 liae
268 882 319 919 et
343 873 398 918 in
427 872 699 934 Lapponia
724 871 1096 919 Enontekeusi
1120 884 1334 917 necesse
1358 881 1435 916 est
1454 902 1467 925 ‚
1495 878 1555 914 ut
1578 877 1786 930 tempe-

134 951 323 988 ratura
345 939 518 986 media
534 940 663 986 a'e'ris
681 941 902 1003 attingat
925 951 956 1001 4
975 939 1202 1004 gradum
1223 939 1410 995 [herm.
1433 937 1675 999 centigr.'‚
1690 949 1783 980 an-

148 1018 368 1073 tequam
425 1006 651 1054 flumina
704 1008 932 1072 glaciem
991 1023 1173 1055 secum
1222 1005 1425 1063 ferant,
1487 1016 1548 1050 ut
1589 1004 1659 1050 sit
1701 1003 1784 1060 80.

149 1089 443 1140 antequam
473 1075 754 1123 Hordeum
782 1080 881 1124 seri
904 1078 1101 1140 possit;
1152 1086 1211 1121 ut
1236 1074 1440 1122 accedat
1462 1075 1523 1118 ad
1559 1075 1788 1118 120.'an-

146 1142 369 1210 tequam
390 1144 576 1192 Betula
606 1144 941 1194 frondescere
965 1145 1188 1208 incip-iat
1209 1159 1253 1190 e.
1277 1159 1315 1189 s.
1350 1160 1402 1206 p.
1485 1139 1614 1187 inde
1655 1152 1789 1202 quo-

150 1230 256 1277 que
286 1215 563 1277 sequitur,
612 1215 671 1260 in
691 1215 848 1274 locis,
909 1214 1004 1261 ubi
1045 1222 1400 1275 temperatura
1441 1208 1616 1257 media
1649 1207 1790 1257 vetis

150 1282 235 1327 vel
263 1283 457 1329 aestatis
482 1281 711 1346 gradum
739 1295 799 1330 12
820 1297 1110 1346 nunquam
1150 1280 1362 1342 attingit
1380 1312 1396 1337 ,
1441 1276 1657 1324 nullam
1689 1272 1790 1321 Be-

154 1349 327 1396 tulam
341 1344 519 1413 neque
546 1350 883 1400 frondescere
908 1367 1086 1414 neque
1113 1363 1340 1395 erescere
1363 1361 1539 1410 posse,
1563 1346 1605 1390 si
1627 1343 1793 1390 etiam

150 1418 324 1471 hiems
359 1420 481 1465 satis
519 1429 817 1483 temperata
846 1422 944 1478 sit,
1011 1419 1094 1465 uti
1130 1416 1186 1463 id
1221 1416 1537 1462 observatur
1571 1422 1694 1458 tum
1728 1409 1794 1456 ad

149 1485 609 1551 Promontorium
633 1487 1056 1552 septentrionale
1085 1496 1205 1533 tum
1239 1485 1299 1530 in
1333 1483 1525 1530 Monte
1548 1479 1601 1528 S.
1639 1477 1793 1526 Gott-

147 1553 320 1603 hardi.
392 1554 532 1602 Aliae
555 1567 738 1603 autem
760 1556 959 1620 plantae
984 1554 1209 1618 longam
1230 1552 1398 1614 magis
1416 1583 1432 1609 ,
1479 1563 1644 1611 quam
1669 1545 1794 1593 cali-

153 1623 279 1669 dam
313 1633 555 1670 aestatem
584 1624 695 1671 ‘sibi
732 1633 1054 1688 exposcunt:
1129 1621 1226 1668 ubi
1262 1628 1620 1682 temperatura
1651 1614 1794 1662 aesti-

151 1691 282 1739 valis
303 1691 481 1739 media
505 1707 601 1756 per
625 1703 725 1740 tres
750 1709 965 1740 menses
986 1691 1216 1755 gradum
1237 1689 1364 1748 80.5
1389 1686 1532 1733 haud
1556 1682 1794 1746 attingit,

152 1761 228 1807 ibi
271 1760 542 1809 hordeum
585 1760 728 1808 haud
769 1762 832 1808 ad
876 1762 1250 1815 maturitatem
1289 1755 1571 1820 pervenire
1599 1760 1795 1816 potest.

152 1828 271 1876 Hoc
323 1828 550 1893 quidem
593 1829 925 1892 jamdudum
966 1828 1105 1876 infra
1144 1824 1443 1873 Enontekis
1500 1818 1795 1881 contingit3

154 1897 246 1946 sed
307 1896 678 1946 nihilominus
724 1909 909 1946 tamen
949 1898 1160 1945 arbores
1207 1895 1370 1941 variae
1415 1899 1595 1937 aestate
1643 1885 1797 1956 brevi

154 1976 208 2015 et
245 1965 606 2029 calida‘hujus
631 1967 869 2030 regionis
897 1976 1168 2013 contentae
1201 1971 1355 2010 sunt:
1398 1956 1610 2006 Betulae
1642 1955 1799 2003 enim

153 2044 208 2083 et
239 2035 428 2085 Salices
467 2037 610 2100 alpes
641 2050 829 2097 versus
859 2034 1023 2098 longe
1061 2034 1218 2079 altius
1260 2029 1381 2077 laete
1412 2033 1799 2092 propagantur.

152 2102 387 2153 Arbores
424 2104 677 2153 coniferae
701 2103 811 2152 fere
837 2117 989 2167 aeque
1010 2119 1066 2150 ae
1085 2097 1374 2148 Hordeum
1397 2105 1642 2142 aestatem
1672 2091 1797 2138 lon-

124 2174 363 2236 xgiorem
388 2176 724 2239 quamquam
750 2173 1219 2236 temperatiorem,
1256 2165 1570 2231 requirunt,
1618 2161 1799 2222 itaque

152 2244 316 2307 longe
342 2242 501 2291 altius
525 2240 864 2290 adscendunt
887 2242 946 2286 in
973 2238 1183 2303 alpibus
1209 2234 1483 2283 helveticis
1509 2244 1673 2296 quam
1695 2225 1801 2275 Be-

155 2311 270 2359 tula
292 2322 410 2360 retc.
491 2312 568 2359 Ex
609 2306 1080 2357 observationibus
1127 2301 1583 2353 -thermometricis
1629 2294 1798 2343 allatis

159 2392 386 2440 constat,
412 2390 652 2428 aestatem
689 2379 745 2425 iim
776 2377 987 2442 alpibus
1013 2373 1320 2431 helveticis,
1357 2368 1570 2419 etiamsi
1592 2376 1800 2427 tempe·

157 2453 323 2500 ratior
345 2453 443 2510 sit,
483 2449 591 2497 fere
612 2447 921 2511 longiorem
951 2459 1098 2503 esse,
1149 2457 1312 2507 quarn
1346 2441 1404 2488 in
1441 2434 1650 2501 alpibus
1686 2431 1800 2511 lap-

157 2523 414 2587 penicis3⁴
441 2529 493 2566 et
513 2531 610 2583 pro
647 2529 789 2564 certo
822 2515 1056 2570 scimus,
1092 2519 1514 2575 temperaturam
1546 2500 1804 2583 'mediam

117 2636 121 2639 a
159 2594 415 2641 omnium
437 2587 721 2635 mensium
745 2600 840 2648 per
864 2594 1045 2630 totum
1074 2595 1287 2627 annum
1320 2592 1383 2627 eo
1415 2588 1587 2636 magis
1624 2581 1804 2633 aequa-

161 2661 331 2710 bilem
357 2673 470 2708 esse
492 2660 549 2704 in
576 2653 858 2701 montibus
880 2650 1134 2698 Andium
1165 2646 1436 2695 Americae
1467 2637 1802 2714 meridiona-
1825 2666 1832 2667 ff

105 2756 109 2760 -
160 2730 258 2789 lis,
297 2740 349 2779 et
382 2730 544 2793 igitur
567 2732 760 2772 omnes
787 2720 1032 2776 arbore3‚
1055 2716 1365 2765 calidiorem
1399 2726 1565 2776 quam
1587 2708 1805 2769 longio-

162 2798 282 2849 rem
309 2809 552 2846 aestatem
575 2791 943 2857 requirentes,
974 2786 1049 2834 ibi
1082 2800 1312 2834 crescere
1353 2780 1614 2830 desinunt
1636 2771 1804 2837 duplo

165 2869 386 2934 longius
413 2864 548 2913 infra
570 2863 808 2909 limitem
839 2856 1112 2914 nivalem,
1161 2869 1328 2919 quam
1360 2847 1504 2915 apud
1532 2856 1665 2898 nos;
1693 2837 1806 2887 'sed

166 2936 453 2987 Hordeum
500 2933 710 2996 aliaque
743 2926 992 2976 ‘Cerealia
1034 2924 1294 2987 temperie
1336 2916 1612 2966 moderata
1649 2924 1681 2970 7
1717 2905 1806 2954 vel

144 3005 501 3072 'agraduum
539 3008 821 3056 contenta,
882 2996 927 3043 si
961 3010 1014 3042 ea
1053 2991 1220 3059 modo
1255 2989 1471 3051 longior
1504 2983 1601 3040 sit,
1638 2974 1806 3040 duplo

170 3075 327 3123 altius
370 3085 558 3120 versus
599 3069 842 3116 limitem
881 3062 1128 3112 nivalem
1164 3060 1240 3108 ibi
1272 3051 1612 3127 adscendunt
1644 3057 1811 3125 quam

173 3144 367 3192 omnes
394 3142 622 3190 arbores.
695 3137 772 3183 Ex
812 3136 892 3182 his
930 3126 1395 3181 observationibus
1433 3117 1666 3180 intell1g1
1699 3126 1810 3189 (ἰξε-

173 3207 435 3270 diderim‚
472 3219 805 3276 quantopere
835 3201 1101 3268 vegetatio
1136 3213 1192 3247 se
1213 3190 1525 3243 accomodet
1546 3184 1609 3232 ad
1643 3192 1813 3228 varlas

97 3292 99 3294 ’
170 3281 598 3334 medificationes
623 3273 924 3342 temperiei,
949 3281 1144 3334 easque
1171 3265 1329 3315 variis
1355 3253 1669 3326 regionibus
1691 3260 1816 3314 pro-
