2194 3893
696 250 1151 306 MoNoEclA.
1643 266 1757 322 247

286 381 365 430 Ex
398 383 655 432 maximis
687 384 853 446 hujus
887 387 1098 452 generis
1132 385 1411 452 speciebus
1447 396 1557 448 est,
1605 402 1754 454 saepe

150 449 505 498 altitudinem
544 452 654 501 fere
694 455 999 502 humanam
1044 451 1344 519 attingenS‚
1409 467 1607 504 statura
1653 473 1751 506 sua

148 518 304 565 firma
330 530 381 566 et
406 520 571 585 rigida
608 524 730 570 satis
767 523 1085 588 spectabilis.
1157 524 1244 570 Ad
1278 524 1517 572 radicem
1551 526 1753 590 saepius

146 586 407 649 pollicem
451 605 618 636 crassa
660 601 767 648 est;
851 592 981 639 folia
1025 603 1210 640 tamen
1257 593 1351 639 vix
1391 591 1522 640 duas
1577 593 1746 640 lineas

148 656 281 713 lata,
320 658 531 716 stricta,
569 659 910 724 marginibus
935 676 1149 725 semper
1178 661 1439 707 incurvis.
1512 659 1748 708 Bracteae

145 722 363 771 inferne
399 727 566 790 spicas
604 728 1051 776 circumvolvunt
1091 739 1143 776 et
1176 728 1499 788 includunt,
1560 728 1745 775 culmo

144 790 378 840 altiores.
451 794 622 858 Spicae
652 808 896 860 respectu
932 796 1332 861 magnitudinis
1367 796 1631 860 graminis
1664 812 1745 844 sa-

144 859 214 907 tis
251 872 527 925 angustae,
576 878 809 927 superne
844 865 1412 913 incrassato-obtusae.
1496 864 1746 929 Capsulae

145 927 314 992 duplo
341 931 571 993 triplove
596 934 839 980 minores
878 950 1044 998 quam
1080 935 1138 980 in
1164 932 1221 979 C.
1248 934 1450 990 stricta;
1500 935 1742 998 squamis

141 994 470 1060 plerumque
530 998 880 1064 longitudine
927 1002 1207 1067 capsulam
1256 1001 1602 1066 aequantibus
1650 1001 1744 1050 sed

139 1063 391 1111 nlultuni
431 1069 860 1132 angustioribus.
1420 1122 1427 1124 ,

274 1129 476 1182 Cczrc'cz‘
506 1137 723 1184 sericea?
762 1134 1026 1186 Gooclen.
1072 1149 1211 1187 certe
1257 1139 1520 1187 omnium
1567 1137 1744 1185 simil-

138 1198 274 1248 lima
298 1212 397 1261 est,
439 1203 532 1252 sed
555 1206 701 1253 notis
726 1208 1003 1254 recensitis
1024 1217 1088 1253 ut
1106 1208 1250 1254 mihi
1274 1207 1492 1254 videtur
1515 1208 1637 1254 satis
1661 1206 1745 1252 di-

138 1283 318 1326 versa;
355 1273 537 1318 necin
565 1273 676 1320 filas
699 1290 950 1338 unquam
977 1274 1272 1322 solvuntur
1296 1273 1411 1336 ejus
1442 1275 1673 1340 vaginae.

274 1344 322 1388 β.
361 1340 545 1386 tenuis
570 1350 649 1386 est
674 1351 727 1388 et
747 1342 1076 1405 plerumque
1099 1342 1464 1406 semipedalis.

66 1401 185 1468 456.
224 1402 461 1463 CAREX
506 1407 804 1456 saxatilis.-
871 1411 1029 1471 spicis
1067 1410 1450 1457 subsessilibus
1488 1408 1742 1470 oblongis

274 1474 522 1533 obtusis,
583 1476 931 1540 stigmatibus
968 1477 1146 1537 binis,
1210 1477 1432 1526 bracteis
1479 1476 1742 1525 subfolia-

275 1543 380 1590 ceis
407 1544 740 1602 auricularis,
767 1547 1009 1609 squamis
1028 1545 1236 1592 obtusis
1254 1546 1490 1609 capsulas
1518 1561 1740 1610 sequan-

273 1612 421 1660 tibus
439 1645 455 1670 ‚
496 1613 727 1677 capsulis
753 1613 1003 1677 ellipticis
1029 1614 1239 1661 obtusis
1270 1613 1637 1660 subexcurvis.

207 1676 269 1727 C.
304 1680 538 1728 saxatilis
575 1677 746 1729 Limz.
778 1697 919 1730 svec.
971 1697 1028 1728 n.
1063 1686 1189 1741 848·
1257 1680 1492 1743 lappon.
1531 1697 1587 1728 n.
1623 1692 1740 1742 557.

345 1745 532 1797 Gmel.
566 1747 666 1797 sib.
714 1768 755 1797 1.
793 1767 844 1816 p.
875 1756 986 1814 154.
1023 1765 1081 1797 n.
1106 1760 1188 1810 71.
1272 1745 1556 1800 VVc‘llden.
1590 1764 1737 1813 spec.

336 1824 386 1878 4.
425 1834 477 1882 p.
507 1830 623 1878 272.

132 1883 271 1932 Hab.
297 1885 428 1930 locis
454 1884 769 1932 siccioribus
794 1884 1025 1947 petrosis
1051 1900 1148 1948 per
1172 1899 1368 1933 omnes
1404 1895 1624 1933 montes
1663 1885 1738 1931 al-

201 1951 363 2015 pinos
401 1961 524 1997 tum
546 1951 714 2015 alpini
734 1949 852 2016 jugi
875 1962 1000 1998 tum
1024 1954 1321 2019 regionum
1353 1945 1741 2017 sylvaticzirum

201 2020 372 2066 totius
399 2019 693 2083 Lapponiae
721 2021 978 2084 vulgaris.

267 2087 606 2134 Praecedenti
642 2098 781 2135 certe
812 2087 970 2136 valde
1001 2083 1175 2137 affinis
1211 2100 1322 2138 est..
1400 2088 1574 2138 Radix
1606 2089 1737 2138 sub-

132 2169 325 2220 repens
347 2155 436 2202 vel
462 2155 682 2219 oblique
717 2171 1036 2212 excurren83
1084 2159 1295 2221 vaginis
1330 2158 1733 2215 rubro-fuscis.

130 2224 278 2272 Folia
294 2224 474 2288 plana,
499 2234 745 2288 respectu
771 2223 1048 2272 brevitatis
1074 2240 1188 2273 suae
1213 2227 1339 2274 satis
1362 2226 1496 2283 lata3
1533 2227 1738 2291 margi-

129 2293 290 2340 nibus
314 2308 530 2356 semper
554 2293 818 2339 excurvis.
892 2291 1126 2340 Culmus
1147 2294 1505 2359 acutangulus
1530 2294 1622 2342 sed
1647 2296 1737 2340 in-

131 2361 456 2426 tegerrimus
493 2360 582 2407 vel
626 2360 811 2419 laevis,
859 2360 1190 2425 plerumque
1226 2362 1592 2426 spithamalis,
1650 2377 1734 2408 ra-

131 2431 245 2478 rius
271 2429 381 2476 Fere
406 2428 626 2493 pedalis.
700 2427 938 2475 Bracteae
971 2440 1250 2492 angustae,
1297 2430 1483 2477 culmo
1514 2430 1732 2478 brevio-

129 2513 242 2554 res;
282 2497 622 2562 marginibus
652 2498 914 2544 excurvis.
986 2497 1242 2561 Squamae
1264 2508 1391 2546 totae
1418 2497 1730 2546 fusco-atrae

130 2566 220 2613 vel
244 2582 414 2614 nervo
438 2565 597 2612 tenui
622 2565 899 2629 pallidiore
920 2566 1192 2627 praeditae,
1230 2568 1356 2614 satis
1379 2567 1501 2613 latae
1526 2577 1590 2614 ut
1611 2583 1734 2632 cap-

133 2635 278 2682 sulas
307 2650 531 2698 prorsus
574 2644 769 2698 tegunt
815 2644 867 2681 et
902 2634 1034 2681 adeo
1080 2635 1250 2698 spicas
1295 2645 1429 2682 atras
1472 2633 1731 2683 reddunt.

132 2701 382 2767 Capsulae
405 2703 742 2766 angustiores
770 2717 937 2765 quam
973 2702 1033 2749 in
1069 2698 1357 2762 affinibus,
1403 2704 1732 2763 virescentes

131 2787 224 2820 ore
267 2773 641 2836 integerrimo.
724 2769 880 2833 Spica
922 2770 1166 2818 mascula
1209 2786 1376 2819 crassa
1407 2782 1460 2820 et
1502 2771 1730 2828 clavata;

130 2854 273 2906 saepe
300 2841 465 2888 etiam
488 2838 605 2886 basi
630 2837 884 2886 feminea.

266 2907 521 2973 Figuram
545 2907 718 2954 ullam
741 2905 909 2969 hujus
931 2907 1129 2972 speciei
1149 2905 1358 2955 bonam
1379 2908 1470 2956 vix
1491 2907 1598 2956 scio
1626 2909 1733 2958 nisi

136 2974 199 3026 C.
237 2972 447 3044 rigidae
483 2973 657 3042 Engl.
685 2972 798 3022 boc.
835 2987 918 3037 29.
957 2985 995 3023 t.
1019 2982 1171 3037 2047.

63 3053 197 3110 457..
222 3044 456 3093 CAREX
481 3044 814 3111 coespicosa:
851 3043 1011 3107 spicis
1046 3042 1329 3091 sessilibus
1363 3042 1730 3108 subcylindri-
1761 3043 1769 3070 ³

268 3115 342 3161 cis
377 3113 586 3162 obtusis
622 3112 1145 3176 subapproximatis‚
1181 3112 1524 3177 stigmatibus
1562 3113 1729 3178 binis,

266 3181 493 3230 bracteis
528 3181 852 3240 subsetaceis
892 3180 1236 3237 auriculatis,
1286 3181 1517 3242 capsulis
1559 3181 1728 3228 ovali-

268 3250 371 3298 bus
400 3250 607 3298 obtusis
632 3263 858 3316 squama
894 3248 1267 3314 longioribus,
1304 3246 1450 3298 foliis
1483 3251 1726 3316 angustis

270 3319 490 3384 patulis.
