2194 3893
817 243 985 297 Mus
1005 260 1092 303 01.
1663 258 1777 310 529

291 369 526 420 dentibus
560 371 778 420 sedecim
809 389 974 440 usque
1008 371 1072 420 ad
1107 371 1248 421 basin
1281 372 1486 436 partitis
1531 375 1586 422 in
1629 391 1776 422 crura

289 434 391 482 duo
427 447 623 483 setacea
658 447 809 485 recta.
1649 451 1651 453 ’

125 531 241 598 576.
279 535 866 586 TRICHOSTOMUM
902 536 1345 604 lanuginosnm:
1384 539 1531 588 caule
1559 537 1778 588 decum-

329 604 491 654 bente
518 621 730 653 ramoso
754 608 989 672 virgato,
1038 609 1198 654 ramis
1232 605 1484 654 brevibus
1526 609 1779 665 curvatis,

331 674 476 721 foliis
503 675 1135 723 lanceolam-attenuatis
1164 674 1510 723 'denticulatis
1548 675 1778 723 curvatis

329 742 667 806 marginibus
695 745 944 808 apiceque
969 743 1264 808 c'iiaphanis.

261 809 350 857 Tr.
385 810 778 874 lanuginosuiu
824 807 1019 858 Hedw.
1066 813 1224 874 stirp.
1268 821 1450 877 crypt.
1499 821 1548 872 5.
1597 810 1702 858 tab.
1729 823 1781 859 2.

395 874 563 945 Engl.
593 876 659 926 bo
676 890 713 927 t.
759 895 833 943 19.
874 891 908 926 t.
941 886 1080 942 1548.
1131 875 1296 930 Web.
1325 890 1380 926 ec
1398 875 1574 927 Mohr
1598 889 1778 946 crypt.

439 982 449 993 .
501 955 606 1008 ¹¹4·

244 963 472 1077 ‘Bryulin
495 1014 795 1080 hypnoides
833 1011 998 1062 Lina.
1025 1030 1165 1064 sveC.
1215 1033 1269 1064 n.
1301 1027 1450 1078 1005.

262 1080 473 1144 Bryum
529 1082 832 1148 hypnoides
902 1084 1297 1148 polycephalon
1367 1084 1778 1147 lanuginosum.

398 1147 543 1198 Dzlll.
584 1168 638 1215 p.
665 1162 781 1213 572.
821 1162 853 1198 t.
881 1160 962 1213 47.
1006 1152 1037 1198 f.
1064 1163 1144 1214 52.

192 1236 328 1285 Hah.
358 1237 684 1303 plerumque
720 1240 897 1288 sterile
931 1242 988 1287 in
1025 1242 1194 1304 ipsius
1232 1237 1394 1303 alpini
1430 1238 1541 1302 jugi
1580 1241 1781 1303 campis

263 1306 573 1353 elatioribus
612 1307 862 1372 lapidosis
900 1325 1074 1372 usque
1108 1308 1172 1354 ad
1206 1308 1390 1354 altiora
1428 1309 1707 1354 cacumina
1731 1318 1784 1355 et

261 1375 322 1419 in
347 1376 757 1421 summitatibus
781 1376 989 1439 alpium
1005 1377 1406 1423 maritimarum
1419 1375 1640 1439 ubique,
1662 1386 1785 1423 tum

261 1441 407 1488 inter
431 1457 488 1489 ac
512 1458 669 1506 supra
698 1443 898 1509 lapides
926 1445 1157 1507 dispeese
1191 1458 1427 1492 crescens
1462 1460 1561 1490 nec
1597 1444 1781 1508 caespi-

261 1519 340 1555 tes
374 1512 738 1563 constituens,
789 1521 852 1557 ut
885 1516 1047 1558 etiam
1084 1514 1143 1558 in
1174 1512 1583 1558 summitatibus
1617 1526 1781 1558 mon-

260 1579 407 1624 tium
422 1577 838 1641 subalpinorum
867 1578 995 1643 jugo
1017 1581 1402 1643 proximorum
1427 1595 1452 1626 e
1481 1579 1640 1626 latere
1662 1595 1781 1626 sve-

262 1647 371 1693 cico
391 1648 625 1710 passi1n3
665 1647 756 1694 secl
784 1649 841 1694 in
867 1648 1132 1709 sylvaticis
1162 1649 1245 1692 vix
1271 1648 1455 1692 visum
1487 1662 1585 1694 nec
1619 1646 1680 1693 ad
1716 1646 1781 1692 li-

260 1715 461 1761 mitem
486 1714 722 1762 nix-alem
746 1716 980 1779 persistit
1004 1726 1064 1761 ut
1091 1714 1325 1762 lsVec‘ssz'cz
1344 1715 1580 1771 cirrata,
1606 1730 1783 1778 neque

260 1783 324 1829 in
369 1784 582 1830 extimis
626 1782 863 1847 scopulis
917 1785 1204 1831 maritimis
1257 1785 1336 1830 uti
1381 1779 1784 1848 Polycrzfclzum

254 1851 678 1920 janiperinztm.

330 1933 710 1980 Trichostoma
737 1943 920 1980 nostra
947 1934 1129 1986 omnia
1155 1933 1387 1980 vernalia
1411 1942 1556 1980 sunt.

332 2000 545 2048 Surculi
570 2003 799 2047 omnino
833 2001 1045 2064 Hypni,
1085 2001 1174 2048 sed
1205 2017 1331 2048 setae
1358 2004 1411 2048 in
1444 1999 1677 2062 apicibus
1703 2014 1782 2046 ra-

196 2084 423 2118 :morum
451 2069 774 2116 terminales.
851 2069 993 2115 Folia
1019 2069 1265 2133 longiora
1291 2080 1341 2116 et
1363 2071 1531 2133 magis
1570 2078 1785 2114 curvata

199 2154 363 2202 quam
411 2138 470 2183 in
519 2137 868 2201 sequentibus
887 2171 901 2194 ‚
965 2152 1199 2198 superne
1245 2139 1406 2183 etiam
1450 2135 1782 2199 marginibus

194 2207 428 2269 hyalinis
469 2204 828 2252 denticulatis.
899 2203 1036 2252 Setae
1077 2205 1448 2252 breviusculae.
1535 2202 1784 2267 Capsulae

197 2275 434 2340 oblongo
451 2302 473 2312 -
489 2283 676 2320 ovatae.

130 2397 246 2453 577.
284 2385 871 2437 TRICHOSTOMUM
899 2383 1204 2435 ericoides:
1244 2386 1392 2434 caule
1424 2384 1785 2434 decumbente

334 2457 638 2513 ramuloso,
688 2455 912 2502 ramulis
950 2456 1274 2503 brevissimis
1324 2455 1644 2519 aggregatis,
1702 2451 1784 2500 fo·

334 2525 420 2572 liis
459 2524 1068 2587 oblongo-acuminatis
1103 2524 1452 2571 subexcurvis
1491 2523 1637 2586 apice
1677 2520 1784 2568 dia-

336 2593 518 2658 phano
543 2591 890 2639 denticulato.
1528 2588 1535 2595 ”

265 2663 356 2710 Tr.
397 2660 652 2709 ericoides
700 2655 935 2706 Sclzfiad.
973 2657 1152 2723 spicil.
1190 2656 1272 2707 62.
1353 2653 1536 2705 Smiclz
1572 2654 1699 2704 bric.
1735 2666 1785 2717 5.

401 2736 634 2794 p.1241.
716 2724 887 2794 Engl.
918 2724 1027 2776 boc,
1079 2735 1161 2786 28.
1211 2737 1246 2774 t.
1284 2740 1430 2790 ¹99¹·
1511 2721 1785 2791 Sclzwoeg-

405 2794 543 2845 rich.
572 2811 747 2843 muse.
773 2793 1041 2860 supplsrl.
1079 2812 1131 2859 p.
1164 2801 1272 2856 147.
1312 2805 1347 2840 t.
1371 2798 1454 2855 58.
1547 2796 1550 2799 ’

267 2866 534 2915 Trichost.
562 2865 878 2929 elongatum
916 2859 1176 2910 Elzrlzarc
1211 2858 1331 2910 dec.
1371 2877 1426 2907 n.
1452 2870 1566 2922 255.

268 2934 480 2998 Bryum
512 2932 813 2997 hypnoides
858 2931 1026 2978 Ericae
1070 2930 1218 2979 facie.
1291 2926 1508 2976 Dillen.
1566 2944 1619 2993 p.
1667 2937 1784 2991 571.

406 3014 441 3050 t.
473 3008 556 3063 47.
598 3000 631 3047 f.
660 3011 742 3062 5¹·

202 3091 340 3142 Hab.
366 3092 424 3139 in
455 3090 591 3138 saxis
616 3088 810 3152 saepius
839 3085 1068 3149 irrigatis
1100 3085 1163 3133 ad
1185 3101 1333 3134 mare
1366 3082 1788 3149 septentrionale

270 3158 624 3209 Nordlandiae
680 3156 811 3203 locis
866 3153 1206 3217 interalpinis
1260 3153 1539 3201 nebulosis
1585 3152 1791 3216 passim

273 3219 489 3291 co‘piose
512 3242 590 3274 ex·
614 3240 690 3290 gr.
712 3238 880 3290 prope
903 3221 1076 3270 Ornas
1111 3223 1353 3289 paroeciae
1375 3220 1415 3273 F
1417 3220 1655 3271 oldensis
1684 3217 1791 3268 fre-

274 3305 518 3362 quenter.
1094 3322 1098 3327 ·
1518 3317 1521 3322 ·
