<?xml version="1.0" encoding="UTF-8"?>
<!DOCTYPE html PUBLIC "-//W3C//DTD XHTML 1.0 Transitional//EN"
    "http://www.w3.org/TR/xhtml1/DTD/xhtml1-transitional.dtd">
<html xmlns="http://www.w3.org/1999/xhtml" xml:lang="en" lang="en">
 <head>
  <title>
</title>
<meta http-equiv="Content-Type" content="text/html;charset=utf-8" />
  <meta name='ocr-system' content='tesseract 3.04.00' />
  <meta name='ocr-capabilities' content='ocr_page ocr_carea ocr_par ocr_line ocrx_word'/>
</head>
<body>
  <div class='ocr_page' id='page_1' title='image "./floralapponicaex00wahl_0016.png"; bbox 0 0 2194 3893; ppageno 0'>
   <div class='ocr_carea' id='block_1_1' title="bbox 378 270 1572 328">
    <p class='ocr_par' dir='ltr' id='par_1_1' title="bbox 378 270 1572 328">
     <span class='ocr_line' id='line_1_1' title="bbox 378 270 1572 328; baseline 0.002 -5"><span class='ocrx_word' id='word_1_1' title='bbox 378 289 464 324; x_wconf 69' lang='lat' dir='ltr'><em>XII</em></span> <span class='ocrx_word' id='word_1_2' title='bbox 858 270 1157 325; x_wconf 80' lang='lat' dir='ltr'><strong>RATIO</strong></span> <span class='ocrx_word' id='word_1_3' title='bbox 1221 271 1572 328; x_wconf 85' lang='lat' dir='ltr'>OPERIS.</span> 
     </span>
    </p>
   </div>
   <div class='ocr_carea' id='block_1_2' title="bbox 366 402 2038 2318">
    <p class='ocr_par' dir='ltr' id='par_1_2' title="bbox 366 402 2038 2115">
     <span class='ocr_line' id='line_1_2' title="bbox 372 402 2027 480; baseline 0.002 -20"><span class='ocrx_word' id='word_1_4' title='bbox 372 406 470 480; x_wconf 85' lang='lat' dir='ltr'><em>ph</em></span> <span class='ocrx_word' id='word_1_5' title='bbox 489 425 609 461; x_wconf 78' lang='lat' dir='ltr'><em>ora</em></span> <span class='ocrx_word' id='word_1_6' title='bbox 663 412 712 463; x_wconf 92' lang='lat' dir='ltr'>E</span> <span class='ocrx_word' id='word_1_7' title='bbox 727 407 769 464; x_wconf 88' lang='lat' dir='ltr'>h</span> <span class='ocrx_word' id='word_1_8' title='bbox 784 428 814 463; x_wconf 85' lang='lat' dir='ltr'><em>r</em></span> <span class='ocrx_word' id='word_1_9' title='bbox 831 407 893 463; x_wconf 85' lang='lat' dir='ltr'><em>h.</em></span> <span class='ocrx_word' id='word_1_10' title='bbox 995 402 1122 461; x_wconf 80' lang='lat' dir='ltr'><em>Nec&#39;</em></span> <span class='ocrx_word' id='word_1_11' title='bbox 1148 405 1204 459; x_wconf 86' lang='lat' dir='ltr'><em>in</em></span> <span class='ocrx_word' id='word_1_12' title='bbox 1236 404 1441 480; x_wconf 78' lang='lat' dir='ltr'><em>plantis</em></span> <span class='ocrx_word' id='word_1_13' title='bbox 1471 404 1685 465; x_wconf 78' lang='lat' dir='ltr'><em>Svecz&#39;ae</em></span> <span class='ocrx_word' id='word_1_14' title='bbox 1707 405 2027 464; x_wconf 81' lang='lat' dir='ltr'><em>meridiona-</em></span> 
     </span>
     <span class='ocr_line' id='line_1_3' title="bbox 372 505 2026 587; baseline 0.005 -29"><span class='ocrx_word' id='word_1_15' title='bbox 372 505 438 560; x_wconf 75' lang='lat' dir='ltr'><em>lis</em></span> <span class='ocrx_word' id='word_1_16' title='bbox 466 507 542 561; x_wconf 78' lang='lat' dir='ltr'><em>acl</em></span> <span class='ocrx_word' id='word_1_17' title='bbox 560 506 901 582; x_wconf 75' lang='lat' dir='ltr'><em>Lapponiam</em></span> <span class='ocrx_word' id='word_1_18' title='bbox 929 506 1323 584; x_wconf 75' lang='lat' dir='ltr'><em>transferendis</em></span> <span class='ocrx_word' id='word_1_19' title='bbox 1355 507 1533 563; x_wconf 76' lang='lat' dir='ltr'><em>solum</em></span> <span class='ocrx_word' id='word_1_20' title='bbox 1556 524 1897 582; x_wconf 75' lang='lat' dir='ltr'><em>erraverunt,</em></span> <span class='ocrx_word' id='word_1_21' title='bbox 1940 531 2026 587; x_wconf 73' lang='lat' dir='ltr'><em>ve3·</em></span> 
     </span>
     <span class='ocr_line' id='line_1_4' title="bbox 375 609 2030 687; baseline 0.004 -25"><span class='ocrx_word' id='word_1_22' title='bbox 375 628 498 662; x_wconf 84' lang='lat' dir='ltr'><em>rum</em></span> <span class='ocrx_word' id='word_1_23' title='bbox 549 609 866 684; x_wconf 77' lang='lat' dir='ltr'><em>Lapponiae</em></span> <span class='ocrx_word' id='word_1_24' title='bbox 920 630 1134 687; x_wconf 78' lang='lat' dir='ltr'><em>quoque</em></span> <span class='ocrx_word' id='word_1_25' title='bbox 1187 609 1468 684; x_wconf 78' lang='lat' dir='ltr'><em>indigenas</em></span> <span class='ocrx_word' id='word_1_26' title='bbox 1511 609 1702 687; x_wconf 86' lang='lat' dir='ltr'><em>facere</em></span> <span class='ocrx_word' id='word_1_27' title='bbox 1745 612 2030 669; x_wconf 75' lang='lat' dir='ltr'><em>voluerunt</em></span> 
     </span>
     <span class='ocr_line' id='line_1_5' title="bbox 367 711 2030 792; baseline 0.005 -28"><span class='ocrx_word' id='word_1_28' title='bbox 367 711 617 785; x_wconf 75' lang='lat' dir='ltr'><em>plantam</em></span> <span class='ocrx_word' id='word_1_29' title='bbox 674 713 932 787; x_wconf 75' lang='lat' dir='ltr'><em>gallicam</em></span> <span class='ocrx_word' id='word_1_30' title='bbox 1010 715 1202 770; x_wconf 80' lang='lat' dir='ltr'><em>Fila</em></span> <span class='ocrx_word' id='word_1_31' title='bbox 1229 714 1377 792; x_wconf 83' lang='lat' dir='ltr'><em>gin</em></span> <span class='ocrx_word' id='word_1_32' title='bbox 1405 735 1437 769; x_wconf 81' lang='lat' dir='ltr'><em>e</em></span> <span class='ocrx_word' id='word_1_33' title='bbox 1464 734 1530 770; x_wconf 86' lang='lat' dir='ltr'><em>m</em></span> <span class='ocrx_word' id='word_1_34' title='bbox 1592 714 2030 791; x_wconf 78' lang='lat' dir='ltr'><em>pyramida-</em></span> 
     </span>
     <span class='ocr_line' id='line_1_6' title="bbox 374 803 2031 891; baseline 0.002 -21"><span class='ocrx_word' id='word_1_35' title='bbox 374 829 552 883; x_wconf 81' lang='lat' dir='ltr'><em>tam‚</em></span> <span class='ocrx_word' id='word_1_36' title='bbox 631 817 1001 890; x_wconf 75' lang='lat' dir='ltr'><em>germanicam</em></span> <span class='ocrx_word' id='word_1_37' title='bbox 1054 822 1105 872; x_wconf 91' lang='lat' dir='ltr'>E</span> <span class='ocrx_word' id='word_1_38' title='bbox 1132 836 1172 891; x_wconf 81' lang='lat' dir='ltr'>q</span> <span class='ocrx_word' id='word_1_39' title='bbox 1192 835 1234 870; x_wconf 87' lang='lat' dir='ltr'><em>u</em></span> <span class='ocrx_word' id='word_1_40' title='bbox 1260 815 1334 870; x_wconf 87' lang='lat' dir='ltr'><em>is</em></span> <span class='ocrx_word' id='word_1_41' title='bbox 1361 836 1394 871; x_wconf 86' lang='lat' dir='ltr'><em>e</em></span> <span class='ocrx_word' id='word_1_42' title='bbox 1420 829 1447 871; x_wconf 90' lang='lat' dir='ltr'><strong>t</strong></span> <span class='ocrx_word' id='word_1_43' title='bbox 1472 837 1516 871; x_wconf 87' lang='lat' dir='ltr'><em>u</em></span> <span class='ocrx_word' id='word_1_44' title='bbox 1541 803 1606 873; x_wconf 72' lang='lat' dir='ltr'><em>r‘n</em></span> <span class='ocrx_word' id='word_1_45' title='bbox 1658 818 2031 874; x_wconf 86' lang='lat' dir='ltr'><em>Telmate-</em></span> 
     </span>
     <span class='ocr_line' id='line_1_7' title="bbox 371 915 2035 995; baseline 0 -23"><span class='ocrx_word' id='word_1_46' title='bbox 371 915 550 990; x_wconf 75' lang='lat' dir='ltr'><em>jam,</em></span> <span class='ocrx_word' id='word_1_47' title='bbox 615 916 949 975; x_wconf 74' lang='lat' dir='ltr'><em>Helveticam</em></span> <span class='ocrx_word' id='word_1_48' title='bbox 992 923 1028 975; x_wconf 88' lang='lat' dir='ltr'>S</span> <span class='ocrx_word' id='word_1_49' title='bbox 1057 937 1089 974; x_wconf 89' lang='lat' dir='ltr'><em>a</em></span> <span class='ocrx_word' id='word_1_50' title='bbox 1111 937 1154 973; x_wconf 74' lang='lat' dir='ltr'>X</span> <span class='ocrx_word' id='word_1_51' title='bbox 1177 918 1201 973; x_wconf 79' lang='lat' dir='ltr'><em>i</em></span> <span class='ocrx_word' id='word_1_52' title='bbox 1226 916 1302 972; x_wconf 85' lang='lat' dir='ltr'><em>fr</em></span> <span class='ocrx_word' id='word_1_53' title='bbox 1329 936 1423 995; x_wconf 84' lang='lat' dir='ltr'><em>ag</em></span> <span class='ocrx_word' id='word_1_54' title='bbox 1447 937 1566 974; x_wconf 84' lang='lat' dir='ltr'><em>am</em></span> <span class='ocrx_word' id='word_1_55' title='bbox 1606 920 1940 988; x_wconf 87' lang='lat' dir='ltr'><em>Aizoon,</em></span> <span class='ocrx_word' id='word_1_56' title='bbox 1982 931 2035 974; x_wconf 82' lang='lat' dir='ltr'><em>et</em></span> 
     </span>
     <span class='ocr_line' id='line_1_8' title="bbox 370 1016 2036 1099; baseline 0.004 -30"><span class='ocrx_word' id='word_1_57' title='bbox 370 1016 720 1073; x_wconf 76' lang='lat' dir='ltr'><em>lusitanicam</em></span> <span class='ocrx_word' id='word_1_58' title='bbox 755 1026 808 1077; x_wconf 92' lang='lat' dir='ltr'><strong>A</strong></span> <span class='ocrx_word' id='word_1_59' title='bbox 836 1042 875 1099; x_wconf 80' lang='lat' dir='ltr'>g</span> <span class='ocrx_word' id='word_1_60' title='bbox 897 1041 929 1077; x_wconf 85' lang='lat' dir='ltr'><em>r</em></span> <span class='ocrx_word' id='word_1_61' title='bbox 951 1041 987 1077; x_wconf 91' lang='lat'>0</span> <span class='ocrx_word' id='word_1_62' title='bbox 1013 1041 1036 1077; x_wconf 88' lang='lat' dir='ltr'>s</span> <span class='ocrx_word' id='word_1_63' title='bbox 1059 1021 1133 1076; x_wconf 82' lang='lat' dir='ltr'><em>ti</em></span> <span class='ocrx_word' id='word_1_64' title='bbox 1161 1020 1202 1076; x_wconf 74' lang='grc' dir='ltr'><em>ἃ</em></span> <span class='ocrx_word' id='word_1_65' title='bbox 1225 1041 1257 1076; x_wconf 84' lang='lat' dir='ltr'><em>e</em></span> <span class='ocrx_word' id='word_1_66' title='bbox 1285 1040 1350 1091; x_wconf 79' lang='lat' dir='ltr'><em>m</em></span> <span class='ocrx_word' id='word_1_67' title='bbox 1394 1040 1472 1076; x_wconf 85' lang='lat' dir='ltr'><em>ca</em></span> <span class='ocrx_word' id='word_1_68' title='bbox 1492 1021 1875 1097; x_wconf 75' lang='lat' dir='ltr'><em>pillarem.</em></span> <span class='ocrx_word' id='word_1_69' title='bbox 1930 1020 2036 1076; x_wconf 84' lang='lat' dir='ltr'><em>Ac-</em></span> 
     </span>
     <span class='ocr_line' id='line_1_9' title="bbox 370 1118 2036 1204; baseline 0.006 -32"><span class='ocrx_word' id='word_1_70' title='bbox 370 1118 610 1192; x_wconf 76' lang='lat' dir='ltr'><em>cepimus</em></span> <span class='ocrx_word' id='word_1_71' title='bbox 645 1121 809 1176; x_wconf 85' lang='lat' dir='ltr'><em>etiam</em></span> <span class='ocrx_word' id='word_1_72' title='bbox 842 1122 1108 1197; x_wconf 75' lang='lat' dir='ltr'><em>quendam</em></span> <span class='ocrx_word' id='word_1_73' title='bbox 1162 1125 1197 1178; x_wconf 80' lang='lat' dir='ltr'>S</span> <span class='ocrx_word' id='word_1_74' title='bbox 1227 1141 1263 1176; x_wconf 90' lang='grc' dir='ltr'>ο</span> <span class='ocrx_word' id='word_1_75' title='bbox 1290 1143 1329 1178; x_wconf 85' lang='lat' dir='ltr'><em>n</em></span> <span class='ocrx_word' id='word_1_76' title='bbox 1356 1141 1388 1178; x_wconf 86' lang='lat' dir='ltr'>c</span> <span class='ocrx_word' id='word_1_77' title='bbox 1413 1123 1456 1178; x_wconf 87' lang='lat' dir='ltr'>h</span> <span class='ocrx_word' id='word_1_78' title='bbox 1484 1143 1528 1178; x_wconf 86' lang='lat' dir='ltr'><em>u</em></span> <span class='ocrx_word' id='word_1_79' title='bbox 1549 1143 1614 1179; x_wconf 89' lang='lat' dir='ltr'><em>m</em></span> <span class='ocrx_word' id='word_1_80' title='bbox 1666 1125 1791 1199; x_wconf 87' lang='lat' dir='ltr'><em>lap</em></span> <span class='ocrx_word' id='word_1_81' title='bbox 1808 1144 1847 1200; x_wconf 92' lang='lat' dir='ltr'>p</span> <span class='ocrx_word' id='word_1_82' title='bbox 1865 1125 2036 1204; x_wconf 72' lang='lat' dir='ltr'><em>oni-</em></span> 
     </span>
     <span class='ocr_line' id='line_1_10' title="bbox 371 1222 2038 1300; baseline 0.002 -23"><span class='ocrx_word' id='word_1_83' title='bbox 371 1241 461 1277; x_wconf 86' lang='lat' dir='ltr'><em>cu</em></span> <span class='ocrx_word' id='word_1_84' title='bbox 476 1241 541 1277; x_wconf 86' lang='lat' dir='ltr'><em>m</em></span> <span class='ocrx_word' id='word_1_85' title='bbox 556 1265 570 1290; x_wconf 95' lang='lat'><strong><em>,</em></strong></span> <span class='ocrx_word' id='word_1_86' title='bbox 615 1222 826 1295; x_wconf 81' lang='lat' dir='ltr'><em>qualem</em></span> <span class='ocrx_word' id='word_1_87' title='bbox 854 1223 1037 1278; x_wconf 75' lang='lat' dir='ltr'><em>nullus</em></span> <span class='ocrx_word' id='word_1_88' title='bbox 1061 1223 1457 1278; x_wconf 82' lang='lat' dir='ltr'><em>Bolanicorum</em></span> <span class='ocrx_word' id='word_1_89' title='bbox 1484 1224 1540 1277; x_wconf 89' lang='lat' dir='ltr'><em>in</em></span> <span class='ocrx_word' id='word_1_90' title='bbox 1563 1224 1852 1300; x_wconf 79' lang='lat' dir='ltr'><em>Lapponia</em></span> <span class='ocrx_word' id='word_1_91' title='bbox 1889 1243 2038 1299; x_wconf 83' lang='lat' dir='ltr'><em>repe-</em></span> 
     </span>
     <span class='ocr_line' id='line_1_11' title="bbox 369 1322 2035 1399; baseline 0.004 -23"><span class='ocrx_word' id='word_1_92' title='bbox 369 1322 445 1376; x_wconf 88' lang='lat' dir='ltr'><em>rit</em></span> <span class='ocrx_word' id='word_1_93' title='bbox 480 1342 652 1397; x_wconf 76' lang='lat' dir='ltr'><em>neque</em></span> <span class='ocrx_word' id='word_1_94' title='bbox 684 1323 760 1378; x_wconf 87' lang='lat' dir='ltr'><em>ibi</em></span> <span class='ocrx_word' id='word_1_95' title='bbox 789 1339 1059 1399; x_wconf 82' lang='lat' dir='ltr'><em>repertum</em></span> <span class='ocrx_word' id='word_1_96' title='bbox 1098 1324 1259 1390; x_wconf 51' lang='lat' dir='ltr'><em>cidit,-</em></span> <span class='ocrx_word' id='word_1_97' title='bbox 1302 1325 1428 1380; x_wconf 86' lang='lat' dir='ltr'><em>item</em></span> <span class='ocrx_word' id='word_1_98' title='bbox 1473 1331 1509 1384; x_wconf 89' lang='lat' dir='ltr'>S</span> <span class='ocrx_word' id='word_1_99' title='bbox 1542 1329 1619 1385; x_wconf 83' lang='lat' dir='ltr'><em>al</em></span> <span class='ocrx_word' id='word_1_100' title='bbox 1645 1328 1668 1383; x_wconf 83' lang='lat' dir='ltr'><strong>i</strong></span> <span class='ocrx_word' id='word_1_101' title='bbox 1693 1348 1727 1385; x_wconf 85' lang='lat' dir='ltr'><em>c</em></span> <span class='ocrx_word' id='word_1_102' title='bbox 1757 1349 1790 1384; x_wconf 85' lang='lat' dir='ltr'><em>e</em></span> <span class='ocrx_word' id='word_1_103' title='bbox 1813 1348 1878 1384; x_wconf 88' lang='lat' dir='ltr'><em>m</em></span> <span class='ocrx_word' id='word_1_104' title='bbox 1922 1346 2035 1383; x_wconf 83' lang='lat' dir='ltr'><em>ar-</em></span> 
     </span>
     <span class='ocr_line' id='line_1_12' title="bbox 372 1425 2035 1504; baseline 0.002 -23"><span class='ocrx_word' id='word_1_105' title='bbox 372 1425 414 1481; x_wconf 90' lang='lat' dir='ltr'>b</span> <span class='ocrx_word' id='word_1_106' title='bbox 430 1447 470 1481; x_wconf 83' lang='lat' dir='ltr'><strong>u</strong></span> <span class='ocrx_word' id='word_1_107' title='bbox 484 1446 509 1482; x_wconf 88' lang='lat' dir='ltr'>s</span> <span class='ocrx_word' id='word_1_108' title='bbox 526 1446 557 1483; x_wconf 89' lang='lat' dir='ltr'><em>c</em></span> <span class='ocrx_word' id='word_1_109' title='bbox 573 1427 693 1482; x_wconf 81' lang='lat' dir='ltr'><em>ula</em></span> <span class='ocrx_word' id='word_1_110' title='bbox 706 1447 772 1482; x_wconf 88' lang='lat' dir='ltr'><em>m</em></span> <span class='ocrx_word' id='word_1_111' title='bbox 814 1427 1098 1501; x_wconf 75' lang='lat' dir='ltr'><em>duplicenz‚</em></span> <span class='ocrx_word' id='word_1_112' title='bbox 1126 1447 1358 1502; x_wconf 77' lang='lat' dir='ltr'><em>quarum</em></span> <span class='ocrx_word' id='word_1_113' title='bbox 1381 1427 1532 1483; x_wconf 85' lang='lat' dir='ltr'><em>nulla</em></span> <span class='ocrx_word' id='word_1_114' title='bbox 1558 1447 1727 1504; x_wconf 81' lang='lat' dir='ltr'><em>neque</em></span> <span class='ocrx_word' id='word_1_115' title='bbox 1750 1429 1805 1482; x_wconf 83' lang='lat' dir='ltr'><em>in</em></span> <span class='ocrx_word' id='word_1_116' title='bbox 1815 1429 2035 1504; x_wconf 79' lang='lat' dir='ltr'><em>Lappo-</em></span> 
     </span>
     <span class='ocr_line' id='line_1_13' title="bbox 373 1527 2031 1603; baseline 0.005 -23"><span class='ocrx_word' id='word_1_117' title='bbox 373 1527 468 1580; x_wconf 87' lang='lat' dir='ltr'><em>nia</em></span> <span class='ocrx_word' id='word_1_118' title='bbox 491 1528 682 1583; x_wconf 78' lang='lat' dir='ltr'><em>crescit</em></span> <span class='ocrx_word' id='word_1_119' title='bbox 711 1547 884 1603; x_wconf 82' lang='lat' dir='ltr'><em>neque</em></span> <span class='ocrx_word' id='word_1_120' title='bbox 910 1547 1034 1583; x_wconf 84' lang='lat' dir='ltr'><em>cum</em></span> <span class='ocrx_word' id='word_1_121' title='bbox 1072 1528 1428 1603; x_wconf 75' lang='lat' dir='ltr'><em>descriptione</em></span> <span class='ocrx_word' id='word_1_122' title='bbox 1454 1530 1736 1586; x_wconf 89' lang='lat' dir='ltr'><em>Linneana</em></span> <span class='ocrx_word' id='word_1_123' title='bbox 1769 1531 2031 1588; x_wconf 75' lang='lat' dir='ltr'><em>convenit.</em></span> 
     </span>
     <span class='ocr_line' id='line_1_14' title="bbox 366 1628 2034 1707; baseline 0.003 -24"><span class='ocrx_word' id='word_1_124' title='bbox 366 1628 486 1684; x_wconf 77' lang='lat' dir='ltr'><em>Res</em></span> <span class='ocrx_word' id='word_1_125' title='bbox 507 1642 590 1686; x_wconf 78' lang='lat' dir='ltr'><em>est</em></span> <span class='ocrx_word' id='word_1_126' title='bbox 614 1630 851 1684; x_wconf 75' lang='lat' dir='ltr'><em>maximi</em></span> <span class='ocrx_word' id='word_1_127' title='bbox 877 1631 1138 1685; x_wconf 83' lang='lat' dir='ltr'><em>momenti</em></span> <span class='ocrx_word' id='word_1_128' title='bbox 1160 1630 1215 1683; x_wconf 86' lang='lat' dir='ltr'><em>in</em></span> <span class='ocrx_word' id='word_1_129' title='bbox 1237 1633 1578 1706; x_wconf 74' lang='lat' dir='ltr'><em>geographia</em></span> <span class='ocrx_word' id='word_1_130' title='bbox 1593 1632 1933 1707; x_wconf 78' lang='lat' dir='ltr'><em>plantarum,</em></span> <span class='ocrx_word' id='word_1_131' title='bbox 1972 1646 2034 1688; x_wconf 81' lang='lat' dir='ltr'><em>ut</em></span> 
     </span>
     <span class='ocr_line' id='line_1_15' title="bbox 372 1731 2033 1806; baseline 0.004 -20"><span class='ocrx_word' id='word_1_132' title='bbox 372 1731 511 1786; x_wconf 82' lang='lat' dir='ltr'><em>tales</em></span> <span class='ocrx_word' id='word_1_133' title='bbox 558 1751 769 1786; x_wconf 75' lang='lat' dir='ltr'><em>errores</em></span> <span class='ocrx_word' id='word_1_134' title='bbox 815 1731 1165 1806; x_wconf 73' lang='lat' dir='ltr'><em>corrigantur</em></span> <span class='ocrx_word' id='word_1_135' title='bbox 1212 1745 1265 1786; x_wconf 84' lang='lat' dir='ltr'><em>et</em></span> <span class='ocrx_word' id='word_1_136' title='bbox 1307 1746 1431 1788; x_wconf 86' lang='lat' dir='ltr'><em>atro</em></span> <span class='ocrx_word' id='word_1_137' title='bbox 1474 1734 1706 1790; x_wconf 82' lang='lat' dir='ltr'><em>carbone</em></span> <span class='ocrx_word' id='word_1_138' title='bbox 1761 1749 2033 1792; x_wconf 88' lang='lat' dir='ltr'><em>notentur.</em></span> 
     </span>
     <span class='ocr_line' id='line_1_16' title="bbox 383 1824 2038 1908; baseline 0.004 -20"><span class='ocrx_word' id='word_1_139' title='bbox 383 1833 623 1888; x_wconf 86' lang='lat' dir='ltr'><em>Tantum</em></span> <span class='ocrx_word' id='word_1_140' title='bbox 669 1832 853 1908; x_wconf 78' lang='lat' dir='ltr'><em>itaque</em></span> <span class='ocrx_word' id='word_1_141' title='bbox 898 1833 1053 1887; x_wconf 76' lang='lat' dir='ltr'><em>abest</em></span> <span class='ocrx_word' id='word_1_142' title='bbox 1111 1846 1174 1886; x_wconf 80' lang='lat' dir='ltr'><em>ut</em></span> <span class='ocrx_word' id='word_1_143' title='bbox 1220 1834 1591 1890; x_wconf 77' lang='lat' dir='ltr'><em>recentissima</em></span> <span class='ocrx_word' id='word_1_144' title='bbox 1638 1824 2038 1894; x_wconf 79' lang='lat' dir='ltr'><em>Bolanicorum</em></span> 
     </span>
     <span class='ocr_line' id='line_1_17' title="bbox 372 1922 2032 2016; baseline 0.003 -25"><span class='ocrx_word' id='word_1_145' title='bbox 372 1935 576 2010; x_wconf 75' lang='lat' dir='ltr'><em>Scripta</em></span> <span class='ocrx_word' id='word_1_146' title='bbox 601 1954 797 1992; x_wconf 76' lang='lat' dir='ltr'><em>novam</em></span> <span class='ocrx_word' id='word_1_147' title='bbox 808 1934 1026 2004; x_wconf 88' lang='lat' dir='ltr'><em>floram</em></span> <span class='ocrx_word' id='word_1_148' title='bbox 1055 1933 1396 2008; x_wconf 80' lang='lat' dir='ltr'><em>lapponicam</em></span> <span class='ocrx_word' id='word_1_149' title='bbox 1431 1922 1765 2010; x_wconf 80' lang='lat' dir='ltr'><em>superfluam</em></span> <span class='ocrx_word' id='word_1_150' title='bbox 1772 1937 2032 2016; x_wconf 85' lang='lat' dir='ltr'><em>fecerint,</em></span> 
     </span>
     <span class='ocr_line' id='line_1_18' title="bbox 375 2033 1825 2115; baseline 0.003 -23"><span class='ocrx_word' id='word_1_151' title='bbox 375 2052 438 2094; x_wconf 85' lang='lat' dir='ltr'><em>ut</em></span> <span class='ocrx_word' id='word_1_152' title='bbox 463 2037 635 2093; x_wconf 83' lang='lat' dir='ltr'><em>multo</em></span> <span class='ocrx_word' id='word_1_153' title='bbox 663 2036 841 2111; x_wconf 78' lang='lat' dir='ltr'><em>magis</em></span> <span class='ocrx_word' id='word_1_154' title='bbox 868 2057 988 2092; x_wconf 82' lang='lat' dir='ltr'><em>eam</em></span> <span class='ocrx_word' id='word_1_155' title='bbox 1002 2033 1463 2115; x_wconf 74' lang='lat' dir='ltr'><em>pernecessariam</em></span> <span class='ocrx_word' id='word_1_156' title='bbox 1485 2039 1825 2097; x_wconf 77' lang='lat' dir='ltr'><em>reddiderint.</em></span> 
     </span>
    </p>

    <p class='ocr_par' dir='ltr' id='par_1_3' title="bbox 373 2136 2032 2318">
     <span class='ocr_line' id='line_1_19' title="bbox 500 2136 2032 2230; baseline 0.005 -36"><span class='ocrx_word' id='word_1_157' title='bbox 500 2136 621 2230; x_wconf 60' lang='lat' dir='ltr'><em>Qui</em></span> <span class='ocrx_word' id='word_1_158' title='bbox 642 2139 775 2195; x_wconf 69' lang='lat' dir='ltr'><em>llaec</em></span> <span class='ocrx_word' id='word_1_159' title='bbox 800 2139 985 2195; x_wconf 87' lang='lat' dir='ltr'><em>omnia</em></span> <span class='ocrx_word' id='word_1_160' title='bbox 1006 2138 1109 2193; x_wconf 79' lang='lat' dir='ltr'><em>rite</em></span> <span class='ocrx_word' id='word_1_161' title='bbox 1123 2139 1470 2213; x_wconf 79' lang='lat' dir='ltr'><em>perpendent,</em></span> <span class='ocrx_word' id='word_1_162' title='bbox 1497 2159 1609 2196; x_wconf 92' lang='lat' dir='ltr'><em>non</em></span> <span class='ocrx_word' id='word_1_163' title='bbox 1633 2141 1821 2200; x_wconf 83' lang='lat' dir='ltr'><em>inutile</em></span> <span class='ocrx_word' id='word_1_164' title='bbox 1843 2162 1980 2219; x_wconf 82' lang='lat' dir='ltr'><em>opus</em></span> <span class='ocrx_word' id='word_1_165' title='bbox 1996 2164 2032 2200; x_wconf 86' lang='lat' dir='ltr'><em>a</em></span> 
     </span>
     <span class='ocr_line' id='line_1_20' title="bbox 373 2238 1615 2318; baseline 0.002 -19"><span class='ocrx_word' id='word_1_166' title='bbox 373 2262 460 2300; x_wconf 85' lang='lat' dir='ltr'><em>me</em></span> <span class='ocrx_word' id='word_1_167' title='bbox 485 2254 800 2316; x_wconf 79' lang='lat' dir='ltr'><em>susceptum</em></span> <span class='ocrx_word' id='word_1_168' title='bbox 825 2261 942 2297; x_wconf 72' lang='lat' dir='ltr'><em>esse</em></span> <span class='ocrx_word' id='word_1_169' title='bbox 957 2238 1255 2318; x_wconf 77' lang='lat' dir='ltr'><em>fateantur</em></span> <span class='ocrx_word' id='word_1_170' title='bbox 1280 2261 1494 2300; x_wconf 78' lang='lat' dir='ltr'><em>necesse</em></span> <span class='ocrx_word' id='word_1_171' title='bbox 1517 2256 1615 2302; x_wconf 82' lang='lat' dir='ltr'><em>est.</em></span> 
     </span>
    </p>
   </div>
  </div>
 </body>
</html>
