2194 3893
380 236 415 287 3
492 181 496 187 λ
982 220 1404 275 ΒΙΑΓςῑΒΗΙΑ.

400 399 404 401 Δ
451 355 578 404 cidis
605 355 737 404 albis
765 352 1012 419 undique
1035 364 1219 401 ornata
1236 387 1251 412 ‚
1277 356 1338 401 in
1363 352 1675 405 exsiccando
1707 359 2039 423 plerumque

449 426 775 488 nigrescens.
866 421 969 470 Sed
1013 432 1166 469 aetate
1209 424 1542 484 provectiore
1586 424 1715 473 folia
1771 438 1824 476 et
1874 426 2038 474 caulis

452 493 602 549 firma
638 494 759 538 satis
798 491 1065 548 evadunt,
1119 489 1396 553 simulque
1431 490 1541 538 fere
1575 491 1795 555 glabra.=
1844 493 2037 556 Caules

450 559 798 608 subsolitarii.
870 558 1016 605 Folia
1038 557 1203 604 caulis
1241 558 1416 605 ovali-
1433 557 1666 624 oblonga
1686 562 2038 618 acutiuscu'la3

449 629 723 691 superiora
749 627 954 674 sensim
975 625 1192 672 minora
1213 624 1259 671 al
1269 635 1416 674 terna
1437 626 1725 674 lanceolata
1753 640 1900 677 acuta
1917 646 2041 678 eva-

449 695 608 743 dunt.
680 695 828 759 Spica
851 694 1047 740 florens
1073 693 1411 740 subrotunda
1437 694 2039 754 multiflora,fructifera

453 763 703 828 oblonga.
774 761 1027 809 Peclicelli
1064 761 1272 809 bractea
1311 762 1540 809 dimidio
1577 763 1863 812 breviores.
1938 764 2038 813 Ca-

451 832 543 895 lyx
578 829 938 895 quadrifidus,
968 829 1092 893 pilis
1127 829 1307 894 longis
1356 830 1648 878 articulatis
1694 832 1933 892 efflatus,
1990 844 2043 882 et

457 900 623 947 etiam
646 901 704 946 in
726 899 887 945 latere
911 899 1036 961 pilis
1062 908 1114 945 et
1140 898 1361 962 apiculis
1386 909 1739 962 exasperatus.
1828 899 2043 949 Corolla

458 978 691 1015 saturato
725 966 949 1013 caerulea
980 967 1141 1012 initio
1178 982 1374 1030 parum
1409 967 1672 1028 violacea,
1726 984 1887 1032 parva
1915 968 2044 1017 laci-

457 1037 566 1082 niis
591 1035 957 1097 calycinis.vix
980 1033 1213 1097 longior.
1289 1033 1517 1099 Capsula
1542 1035 1765 1083 obovata
1796 1050 1849 1084 et
1870 1051 2044 1085 emar-

458 1105 637 1168 ginata
664 1102 750 1148 vel
776 1101 884 1149 fere
907 1099 1218 1160 obcordata,
1268 1103 1438 1165 calyce
1475 1103 1643 1167 duplo
1671 1103 1778 1152 Fere
1805 1104 2044 1170 longior,
2072 1152 2075 1155 .

459 1170 740 1233 superficie
762 1169 1081 1233 glaberrima
1110 1169 1281 1217 nitida
1300 1204 1315 1229 ‚
1353 1170 1491 1232 stylo
1519 1171 1670 1218 brevi
1695 1173 2044 1236 rigidiusculo

459 1237 813 1285 crassiusculo
848 1235 1115 1285 coronata.
1187 1239 1431 1286 Dehiscit
1460 1239 1602 1286 binis
1629 1242 1910 1304 aperturis,
1947 1256 2048 1288 nec

458 1306 805 1352 valvularum
837 1317 1010 1369 partes
1046 1322 1072 1352 a
1106 1321 1162 1353 se
1198 1308 1442 1354 invicem
1490 1308 1809 1355 solvuntur:
1865 1310 2046 1372 itaque

461 1375 619 1421 omni
650 1385 892 1437 respectu
926 1373 1151 1421 bivalvis
1190 1375 1430 1423 dicenda.
1514 1374 1678 1424 Color
1708 1377 2044 1441 pedunculo-

459 1458 587 1490 rum
610 1453 661 1490 et
684 1443 977 1506 superioris
1004 1442 1169 1489 caulis
1194 1445 1359 1491 etiam
1385 1444 1761 1503 caerulescens‚
1800 1460 1922 1509 quae
1944 1459 2045 1492 cae-

458 1510 780 1559 rulescentia
804 1511 1154 1558 exsiccatione
1174 1523 1428 1575 augetur3
1467 1522 1530 1558 ut
1553 1522 1605 1559 et
1625 1512 1754 1559 folia
1776 1515 2047 1577 praecipue

457 1579 819 1642 superioriora
842 1578 943 1626 sub
970 1579 1322 1627 exsiccatione
1348 1581 1681 1644 nigrescunt.
1752 1581 1856 1628 Pili
1876 1582 2045 1628 totius

457 1645 658 1710 plantae
683 1657 814 1693 sunt
839 1646 1178 1712 divergentes
1204 1648 1291 1695 vel
1312 1651 1494 1713 potius
1520 1658 1820 1696 retrorsum
1840 1649 1999 1697 versi.

596 1710 661 1762 V.
688 1713 889 1779 alpina
911 1710 1084 1780 Engl.
1114 1711 1225 1763 boc.
1276 1726 1313 1763 t.
1347 1722 1464 1778 484.
1522 1727 1767 1764 nostram
1802 1716 2047 1779 plantam

459 1793 574 1830 tam
610 1798 806 1847 parum
840 1781 1032 1841 refert,
1080 1793 1151 1829 ut»
1177 1783 1411 1832 dubium
1442 1785 1513 1832 sit
1553 1783 1620 1832 an
1668 1784 1898 1837 eandem
1927 1800 2047 1849 spe-

459 1852 600 1898 ciem
623 1852 775 1899 sistit.

384 1950 438 2000 ,9.
476 1936 839 1986 VERONICA
875 1930 1213 2003 officinalis:
1273 1938 1434 2002 spicis
1482 1937 1791 1996 lateralibus
1834 1938 2052 2003 pedun-

591 2007 806 2065 culatis,
863 2006 1007 2054 foliis
1045 2005 1289 2053 obovatis
1325 2007 1568 2066 serratis,
1616 2007 1765 2055 caule
1792 2023 2048 2072 procum-

588 2074 753 2122 bente
776 2076 938 2122 hirto.

527 2141 586 2190 V.
621 2140 896 2192 officinalis
939 2139 1110 2191 Lina.
1155 2157 1294 2190 svec.
1341 2157 1399 2190 n.
1439 2155 1516 2190 12.
1596 2141 1839 2207 lapponf
1899 2158 1955 2190 n.
1997 2151 2048 2205 5.

666 2207 851 2259 Olcws.
877 2212 939 2259 z'c.
967 2207 1174 2258 island.
1222 2227 1273 2273 p.
1299 2217 1416 2272 451.
1442 2216 1560 2272 944.
1631 2208 1805 2259 Molzr
1837 2209 2044 2260 zslczncl.

660 2296 715 2344 p.
735 2289 845 2341 151.
921 2276 1318 2344 Georgiz'ssor.
1343 2277 1550 2327 baz'kal.
1590 2297 1642 2344 p.
1669 2290 1778 2342 195.
1848 2275 2048 2326 Latzdc

643 2342 950 2415 faeroelzs.
995 2332 1255 2394 ——LOecL
1280 2342 1356 2410 ss.
1394 2343 1529 2395 dan.
1568 2359 1605 2395 t.
1630 2355 1752 2411 248.
1822 2343 2044 2415 Liglzcs.

663 2427 801 2462 scot.
840 2432 891 2479 p.
922 2427 1004 2475 72.
1076 2412 1363 2462 Mzclzaux
1390 2431 1564 2464 amer.
1609 2432 1652 2462 1.
1700 2433 1752 2481 p.
1774 2425 1822 2478 5.

458 2481 598 2530 Hab.
624 2483 686 2530 in
719 2494 868 2547 parte
899 2483 1152 2546 sylvatica
1186 2483 1377 2529 infima
1402 2484 1694 2548 Lapponiae
1711 2481 2046 2536 ,meridiona-

465 2591 467 2593 ,
525 2550 591 2597 lis
617 2551 786 2598 rarius
812 2552 1008 2615 vixque
1030 2566 1191 2615 supra
1210 2550 1483 2612 Tafvelsj'o
1518 2568 1687 2617 prope
1712 2553 2047 2616 Lapponiarn

526 2617 838 2667 Umensem
860 2619 1022 2673 lecta;
1071 2631 1125 2665 et
1158 2620 1218 2665 in
1252 2618 1594 2682 inferalpinis
1627 2620 1777 2683 juxta
1803 2618 2048 2668 fundum

525 2686 759 2734 sinuum
791 2688 957 2734 maris
981 2685 1334 2736 Nordlandiae
1366 2689 1568 2748 rarius,
1617 2705 1695 2738 ex.
1726 2703 1800 2754 gr.
1831 2687 1946 2735 visa
1979 2688 2046 2748 ad

523 2753 808 2816 Torrfjord
833 2754 1138 2816 FoldensiQ

395 2863 473 2898 10.
522 2847 888 2898 VERONICA
939 2846 1352 2918 Clzamcedrys:
1419 2847 1593 2899 Limz.
1626 2846 1769 2915 flor.
1805 2865 1945 2899 δοες.
1993 2864 2043 2901 2.
2094 2908 2097 2909 ⁷

583 2935 640 2966 n.
670 2925 748 2978 ¹8·
819 2915 971 2966 Hor.
1003 2917 1159 2983 lapp.
1198 2935 1253 2965 n·
1279 2924 1329 2976 8.
1401 2916 1575 2986 Engl.
1601 2915 1713 2965 boc.
1750 2931 1798 2981 9.
1848 2917 2022 2981 t4625.

453 2985 590 3034 Hab.
613 2988 673 3034 in
696 2988 971 3051 Lapponia
999 2986 1227 3035 Umensi
1248 2989 1444 3035 rarius:
1482 2982 1687 3043 Linne'3
1737 3002 1764 3033 a
1797 3001 1888 3034 me
1912 3003 2042 3036 vero

471 3062 475 3063 ⁷
521 3070 702 3119 neque
723 3057 782 3102 in
803 3056 1077 3119 Lapponia
1099 3070 1200 3102 nec
1225 3056 1282 3103 in
1304 3055 1700 3105 Vesterbottnia
1719 3054 1869 3102 lecta.

392 3156 468 3187 11.
506 3139 871 3190 VERONICA
907 3139 1246 3189 scutellam.-
1292 3144 1516 3191 racemis
1550 3139 1859 3190 lateralibus
1886 3140 2043 3190 alter.

581 3210 698 3259 nis:
743 3209 1018 3274 pedicellis
1044 3209 1377 3272 divaricatis,
1425 3210 1570 3259 foliis
1593 3208 1886 3260 linearibus
1912 3210 2039 3259 sub-

582 3279 822 3343 integris.
