2194 3893
405 284 427 316 1
444 279 519 316 1ο
979 261 1472 315 ΠΕΟΑΝΒΒΙΑ.

602 395 986 462 Magnitudine
1010 406 1062 444 et
1087 393 1216 443 facie
1247 404 1463 443 externa
1501 392 1807 444 admodum
1836 395 2051 444 varians

469 474 576 519 est;
613 466 728 512 vidi
752 466 1048 529 specimina
1073 479 1193 528 quae
1225 462 1275 511 S.
1295 462 1673 529 grazzulczcczm
1700 464 1809 513 fere
1835 480 2051 529 supera-

468 533 613 580 bant.
652 531 876 596 Semper
900 532 1204 580 admodum
1226 533 1497 594 caespitosa
1526 542 1632 587 est,
1672 531 1884 582 caudice
1907 531 2052 578 mul-

470 600 707 647 tifariam
729 616 840 648 sese
864 601 1141 648 dividente
1165 610 1216 646 et
1248 597 1394 646 foliis
1429 601 1720 662 squarrosis
1755 601 2054 664 praeterito-

394 689 398 691 *
469 685 598 716 rum
620 684 898 716 annorum
923 678 1277 733 turgescente.
1348 666 1496 714 Folia
1517 683 1543 714 e
1574 667 1684 714 basi
1717 669 1903 716 lineari
1935 683 2055 715 sur·

470 751 601 784 sum
639 736 930 783 dilatantur
966 750 1016 784 et
1049 735 1336 783 finduntur
1369 737 1427 781 in
1464 735 1681 781 lacihies
1714 735 2057 791 lanceolatas‚

471 805 900 861 obtusiusculas‚
935 820 1135 869 parum
1167 819 1192 849 a
1227 819 1280 851 se
1313 803 1554 850 invicem
1590 802 1953 867 &vergentem
1993 803 2059 849 de

474 883 666 919 caetero
695 872 1051 937 glabriuscula
1070 905 1086 931 ,
1124 871 1502 919 subtrinervia.
1585 869 1734 934 Scapi
1757 881 2060 919 nascuntur

475 940 679 1005 singuli
729 957 792 988 ex
838 956 1163 1004 unaquaque
1201 939 1381 986 rosula
1417 938 1641 996 foliosa,
1701 938 1940 987 subnudi
1975 938 2065 987 vel

472 1023 588 1056 uno
629 1009 862 1057 alterove
900 1008 1092 1056 Foliolo
1133 1007 1309 1055 trifido
1351 1007 1543 1054 ornati.
1625 1006 1803 1055 Flores
1848 1022 2066 1071 semper

475 1079 658 1133 erecti,
685 1077 1023 1140 semisuperi.
1096 1076 1274 1123 Petale
1302 1074 1555 1139 oblonga,
1582 1073 1772 1121 obtusa
1796 1075 1885 1123 vel
1908 1077 2064 1140 'apice

475 1143 786 1201 rotundam,
819 1143 1028 1190 laciniis
1054 1143 1304 1205 calycinis
1334 1143 1501 1206 duplo
1524 1143 1798 1206 longiora,
1818 1143 2068 1208 plerum-e

478 1226 582 1274 que
607 1210 754 1269 alba,
794 1210 885 1258 sed
910 1212 968 1257 in
995 1212 1122 1274 ipsis
1154 1211 1364 1275 alpibus
1390 1210 1532 1257 haud
1558 1226 1754 1274 parum
1777 1210 2068 1258 flavescen-

478 1279 566 1324 tia.
641 1278 901 1341 Stigmata
946 1279 1145 1326 clavata
1182 1279 1243 1325 in
1291 1279 1442 1341 stylis
1488 1279 1798 1342 patentibus
1846 1279 2069 1338 elevata,

478 1346 697 1395 lacinias
724 1347 983 1410 calycinas
1011 1347 1307 1411 plusquam
1331 1347 1498 1410 duplo
1523 1348 1848 1410 superantia.

614 1422 658 1464 β.
692 1425 968 1481 corrugata
992 1425 1211 1463 tantum
1242 1425 1321 1464 est
1355 1431 1383 1462 a
1419 1415 1535 1462 solo
1572 1415 1758 1478 alpino
1791 1415 2071 1480 simulque

479 1483 785 1531 maritimo.

617 1568 676 1603 γ.-
696 1550 940 1600 caulibus
968 1550 1425 1600 decumbentibus
1451 1550 1659 1600 foliosis
1689 1527 1832 1598 ultra
1868 1551 2071 1615 spitha-

480 1633 636 1677 inam
660 1618 841 1683 longis
866 1619 1092 1684 gaudet,
1131 1619 1330 1684 quibus
1351 1620 1494 1666 inter
1517 1618 1719 1697 lapides
1743 1622 1921 1683 serpit.
1989 1621 2073 1668 De

461 1696 466 1700 '
487 1697 678 1734 caetero
701 1687 843 1733 nihil
869 1703 896 1734 a
919 1688 1131 1752 vulgari
1151 1686 1327 1734 differt
1349 1703 1449 1734 nec
1472 1687 1676 1733 limites
1702 1688 1844 1734 inter
1867 1697 2075 1734 utram-

484 1770 591 1831 que
624 1755 849 1812 dantum
885 1770 1066 1819 neque
1099 1755 1263 1802 aliam
1302 1753 1352 1801 S
1388 1750 1742 1820 lzrpnoidem
1773 1756 1833 1802 in
1866 1756 2077 1820 Lappo-

484 1823 573 1870 nia
597 1822 702 1885 legi
727 1838 978 1886 unquam
1007 1833 1101 1870 aut
1122 1823 1200 1870 ibi
1221 1822 1419 1870 lectam
1441 1822 1571 1869 vidi.

613 1886 788 1946 Εηοῖ.
826 1888 937 1938 boc.
979 1903 1056 1938 12.
1090 1900 1128 1938 t.
1165 1897 1282 1953 ¹794.
1321 1890 1385 1937 ad
1418 1901 1664 1937 nostram
1684 1863 1932 1955 plantam
1955 1892 2080 1955 qui-

484 1957 613 2006 dem
634 1960 905 2019 pertinere
928 1976 962 2005 x
967 1959 1147 2006 idetur
1163 1991 1178 2016 ‚
1205 1969 1390 2006 tamen
1412 1960 1603 2005 minus
1632 1960 1891 2006 convenit
1913 1975 2079 2024 quam

486 2027 569 2090 fig.
594 2023 743 2072 Flor.
772 2041 998 2093 norveg.
1022 2052 1090 2060 —
1135 2025 1247 2073 Nec
1275 2024 1428 2073 flor.
1455 2023 1591 2074 dan.
1616 2033 1665 2086 8.
1692 2037 1729 2074 t.
1769 2031 1914 2088 1588.
1946 2043 2078 2075 con-

485 2095 920 2143 venientissima.
1049 2093 1290 2158 Optimae
1340 2097 1602 2142 omnium
1648 2095 1833 2160 figurae
1875 2106 2078 2145 nostrae

481 2163 690 2226 plantae
716 2163 897 2229 itaque
929 2173 1140 2212 exstant
1164 2164 1223 2210 in
1245 2159 1397 2210 ΗΟ).
1425 2179 1531 2210 nor
1536 2179 1653 2230 weg.

888 2316 1617 2371 DIANTHUS.

512 2433 619 2476 Gen.
636 2434 787 2487 plant.
813 2432 881 2473 ecl.
905 2431 1084 2474 Schreb.
1107 2445 1153 2474 n.
1179 2442 1274 2486 770.
1339 2434 1502 2474 Goertn.
1529 2431 1738 2488 defruct.
1767 2445 1808 2475 2.
1834 2445 1882 2488 p.
1903 2409 2002 2486 227.

1145 2502 1366 2557 cab.129.

425 2610 541 2647 221.
588 2598 957 2648 DIANTHUS
992 2599 1294 2665 superbus:
1341 2600 1564 2649 floribus
1610 2601 1661 2648 cl
1647 2599 1894 2663 'sjunctis
1926 2599 2083 2664 pani-

630 2667 846 2726 culatis,
886 2671 1126 2733 squamis
1157 2670 1266 2731 caly
1272 2670 1406 2716 cinis
1430 2669 1767 2717 brevissimis
1803 2668 2083 2716 acumina-

631 2737 734 2793 tis,
770 2737 957 2800 petalis
983 2738 1213 2785 barbatis
1235 2737 1634 2802 multipartito-
1650 2736 1962 2795 fimbriatis,
2000 2734 2082 2784 fo-

633 2803 722 2850 liis
747 2803 1154 2853 obtusiusculis.

562 2885 630 2933 D.
659 2885 923 2949 superbus
946 2882 1118 2934 Limz.
1142 2902 1281 2935 suec,
1307 2900 1355 2935 2.
1383 2903 1440 2935 11.
1465 2893 1583 2949 585.
1634 2878 1912 2934 lVillden.
1936 2899 2083 2947 spec.

702 2965 751 3001 2.
774 2971 826 3018 p.
819 2952 968 3067 6.679
1016 2953 1101 3002 fl.
1131 2951 1266 3003 dan.
1292 2962 1348 3018 4.
1374 2965 1411 3003 t.
1437 2962 1554 3017 578.
1601 2950 1802 3001 Pallas
1825 2952 1887 2999 z'c.
1910 2949 2008 3000 sib.
2035 2966 2085 3002 2.

565 3087 634 3137 D.
659 3019 965 3153 Ρῖῗωὸιεξίῃε
994 3085 1252 3139 Gunnet.
1280 3101 1435 3139 nort).
1463 3100 1580 3153 552.
1618 3084 1821 3135 Pallas
1846 3087 1909 3136 ic.
1931 3085 2084 3137 sibir.

565 3224 637 3272 D.
659 3156 1160 3289 pegmllsqssultifidis
1183 3223 1353 3274 Lina.
1381 3223 1534 3289 Zapp.
1558 3238 1615 3272 11.
1643 3236 1755 3284 170.

573 3302 840 3371 Non'egis
863 3305 1040 3375 FJ‘aer
1066 3337 1092 3345 -
1111 3304 1314 3354 nellz‘ke
1351 3305 1412 3365 (i.
1435 3321 1480 3354 6.
1503 3303 1750 3356 littoralis
1772 3303 2089 3368 Dianthus).
