2194 3893
663 117 1134 212 TfilANDRIA.
1646 176 1716 223 η

207 291 266 357 ξ..
305 290 556 356 alpinum
600 288 771 340 Linn.
817 306 968 340 suec.
1019 307 1075 339 n.
1113 298 1195 353 5¹·
1263 288 1494 357 lappon.
1534 310 1591 343 n.
1626 303 1714 357 24.

273 355 423 408 Flor.
456 357 591 408 dan.
622 372 655 406 t.
680 359 800 409 620.
866 356 1050 406 Smich
1071 356 1200 407 brc'c.
1232 376 1273 406 1.
1301 377 1352 423 p.
1375 358 1460 408 60.
1518 359 1720 431 Zoega

274 425 478 475 island.
516 453 584 461 —
619 424 828 492 Hoppe
861 424 1163 475 Tascloenb.
1191 432 1338 485 1800.
1358 446 1411 493 p.
1439 444 1552 478 102.

113 507 275 558 'Hah
315 509 370 555 in
404 509 692 573 paludibus
726 520 778 556 et
809 508 1082 573 paludosis
1125 509 1418 572 Lapponiae
1449 514 1719 576 praecipue

205 575 580 638 subsylvaticae
630 577 965 641 frequente13
1018 577 1080 623 in
1116 575 1324 641 alpibus
1362 588 1415 624 et
1450 579 1721 646 Norvegia

206 643 524 708 inferalpina
547 647 773 710 parcius·
1419 645 1422 649 ’

272 722 544 773 Omnibus
572 726 680 774 fere
709 724 1096 773 characteribus
1121 735 1174 771 et
1197 734 1311 771 toto
1336 724 1525 774 habitu
1553 743 1720 792 quam

138 794 379 840 maxime
405 796 662 842 convenit
688 794 871 859 Scirpo
906 794 1198 857 coespicoso
1229 791 1340 851 jam
1379 793 1594 842 dudum
1627 795 1720 844 de.

139 863 353 926 scripto.
408 862 576 909 Radix
601 863 773 927 magis
794 862 1079 926 elongatur
1102 872 1155 909 et
1181 860 1401 923 oblique
1423 860 1716 911 adscendit.

139 929 390 994 Squamae
415 930 662 978 radicales
685 940 739 978 et
767 931 977 993 vaginae
1000 929 1170 976 culmi
1197 940 1532 975 nmeronatae
1563 933 1720 978 simi·

137 997 216 1045 les
243 1013 299 1044 ac
323 999 380 1044 in
405 997 603 1062 Scirpo.
671 996 856 1045 Culmi
881 997 1127 1061 triquetri
1163 995 1305 1059 (quo
1331 1013 1355 1041 a
1381 997 1564 1061 Scirpo
1595 1000 1719 1046 satis

140 1065 564 1131 distinguitur),
601 1065 879 1130 simulque
899 1067 1083 1112 striati.
1155 1064 1303 1127 Spica
1334 1079 1530 1112 cernua
1556 1067 1719 1130 triplo

139 1133 349 1194 major,
384 1134 559 1182 colore
579 1133 876 1198 pallidiore.
927 1132 1129 1180 Gluma
1148 1132 1500 1179 involucralis
1525 1133 1720 1182 eodem

140 1201 310 1250 modo
355 1213 701 1260 mucronata,
751 1201 842 1249 sed
873 1216 1064 1248 mucro
1101 1200 1280 1247 multo
1317 1199 1534 1247 brevior
1555 1218 1721 1265 quam

139 1272 298 1335 spica.
384 1271 581 1319 Semen
629 1271 947 1327 minutum,
1006 1268 1175 1332 duplo
1217 1270 1404 1315 minus
1451 1285 1615 1333 quam
1661 1272 1723 1318 in

138 1337 356 1402 Scirpo,
415 1342 739 1403 triquetrum
784 1339 875 1384 vix
923 1336 1186 1384 nitidum.
1268 1337 1411 1382 Lana
1458 1352 1723 1401 perquam

138 1408 325 1455 mollis
351 1419 402 1455 et
425 1407 683 1471 diaphana
700 1439 716 1464 ‚
753 1422 853 1453 nec
878 1416 939 1451 ut
963 1414 1090 1453 setae
1114 1405 1174 1452 in
1207 1402 1390 1468 Scirpo
1424 1407 1719 1468 coespz‘coso

138 1476 386 1541 rigidulae
410 1487 460 1523 et
484 1475 783 1539 subopacae.
1016 1483 1020 1484 ’

274 1557 510 1604 Nullum
531 1557 675 1603 mihi
694 1567 774 1604 est
795 1553 1050 1615 dubium,
1074 1553 1208 1617 quin
1223 1551 1440 1616 Scirpus
1456 1556 1722 1622 coespico-

136 1640 232 1674 sus
252 1625 316 1672 ad
338 1625 486 1673 idem
508 1640 679 1690 genus
705 1622 948 1671 naturale
973 1638 1030 1669 ac
1051 1622 1423 1685 Eriophorum
1464 1621 1725 1687 alpinum,

138 1694 356 1758 proprie
383 1693 529 1740 dictu
556 1694 817 1756 pertinet,
855 1689 948 1738 sed
971 1689 1126 1737 valde
1150 1688 1340 1736 dubito
1363 1705 1431 1736 an
1470 1691 1533 1737 ad
1568 1692 1723 1739 Erio-

138 1762 377 1827 phorum
400 1760 586 1808 referri
609 1760 798 1808 debeat
827 1757 895 1806 ob
922 1767 1059 1805 setas
1085 1767 1302 1803 tantum
1340 1756 1518 1806 laeves.
1590 1760 1726 1807 Heic

138 1830 387 1895 applicari
411 1844 570 1892 posse
597 1820 813 1874 videtur
832 1840 1035 1873 canon:
1074 1839 1367 1873 smnmum
1391 1822 1478 1885 jus
1504 1841 1724 1875 summa

137 1909 221 1946 est
240 1897 464 1960 injuria;
502 1911 572 1944 ne
590 1896 838 1943 nimium
861 1893 1147 1957 sapientes.

72 1990 156 2039 27.
202 1977 685 2027 ERIOPHORUM
725 1976 1090 2043 vaginatum.-
1141 1972 1284 2021 foliis
1322 1973 1595 2037 triquetris
1633 1989 1725 2022 su-

276 2064 442 2112 perne
481 2045 784 2104 serrulatis,
841 2043 1035 2092 culmo
1068 2042 1413 2090 teretiusculo
1454 2043 1726 2107 vaginato,

277 2117 419 2180 spica
441 2114 717 2162 subovata.
993 2151 998 2156 .
1036 2165 1041 2170 p
1446 2131 1474 2173 ι-

208 2184 268 2232 Ε.
305 2184 621 2245 vaginatum
654 2177 826 2229 Litzn.
860 2194 1008 2227 sace.
1044 2194 1100 2226 n.
1133 2187 1218 2240 50.
1275 2176 1509 2242 lappon.
1548 2195 1605 2226 n.
1642 2187 1754 2241 24.
1788 2192 1798 2197 ’

347 2245 427 2300 fl.
479 2247 613 2298 dan.
664 2260 700 2296 t.
750 2247 864 2310 256.
951 2245 1162 2312 Hoppe
1219 2242 1522 2294 Tasclzenb.
1577 2255 1727 2307 1300.

344 2338 396 2386 p.
428 2331 535 2381 105.
595 2315 766 2385 Engl.
792 2315 905 2364 boc,
940 2327 1016 2377 ¹5·
1055 2327 1090 2362 t.
1120 2322 1237 2375 875.
1294 2310 1494 2380 Zoega
1518 2313 1723 2364 island.

348 2414 417 2423 —
466 2382 687 2455 Ligth-
714 2397 850 2433 scot.
874 2402 925 2450 p.
947 2398 1031 2446 90.
1104 2378 1611 2449 Landcfaeroens.
1659 2408 1728 2416 —

350 2453 532 2505 Gmel.
567 2453 666 2503 sib.
708 2473 749 2502 1.
784 2470 836 2517 p.
874 2458 956 2514 85.
994 2469 1047 2499 n.
1087 2466 1166 2497 ιο.
1236 2446 1442 2497 Pallas
1465 2453 1526 2497 ic.
1551 2447 1651 2497 sib.
1676 2463 1724 2512 5.

345 2543 397 2591 p.
423 2537 502 2588 55.
580 2519 972 2590 Georgiissor.
998 2516 1207 2566 baikczl.
1230 2535 1280 2581 p.
1315 2532 1420 2581 ¹97-

209 2596 269 2643 E.
296 2597 643 2659 caespitosum
666 2589 829 2639 Hosc.
854 2605 1040 2656 gram..
1068 2604 1110 2634 1.
1135 2598 1285 2650 p.50.
1316 2598 1444 2650 [59.
1485 2582 1723 2634 Sclzracl.

331 2660 406 2728 fl.
428 2679 602 2729 germ.
632 2678 674 2708 ι.
701 2677 753 2725 p.
790 2669 903 2720 ¹5⁰·

208 2733 409 2780 Iuncus
449 2732 662 2795 alpinus
712 2725 945 2792 capitulo
987 2722 1337 2787 lanuginOSO.
1426 2718 1725 2772 Sclzevclzz.

343 2796 540 2866 prodr.
570 2798 670 2845 tab.
697 2809 744 2858 7.
771 2796 806 2844 f.
838 2812 882 2842 1.

142 2881 278 2930 Hab.
325 2885 382 2930 in
422 2879 713 2946 paludibus
756 2889 808 2925 et
850 2872 1144 2940 uliginosis
1202 2871 1475 2918 universae
1521 2872 1728 2938 Lappo.

208 2953 317 2999 niae
342 2966 513 3015 usque
533 2949 598 2996 ad
622 2946 868 3010 Nordcap
890 2944 1152 2992 omnium
1172 2940 1634 3003 vulgatissimum.

190 3067 197 3075 ,
272 3020 443 3067 Radix
473 3018 639 3066 dense
662 3015 966 3079 caespitosa:
1002 3009 1221 3057 caudice
1245 3008 1572 3055 horizontali
1593 3024 1730 3057 cras-

142 3087 383 3136 situdine
427 3086 615 3134 calami
668 3081 952 3147 scriptorii.
1053 3077 1202 3125 Folia
1249 3075 1414 3123 dense
1458 3087 1730 3142 congesta,

144 3159 322 3204 stricta
359 3166 412 3204 et
447 3142 709 3217 rigi'dula‚
765 3150 981 3198 infierne
1019 3146 1255 3194 omnino
1294 3144 1579 3207 triquetra,
1619 3146 1731 3209 api.

141 3240 259 3273 cem
283 3239 468 3275 versus
493 3219 831 3288 planiuscula
854 3228 905 3268 et
927 3213 1270 3280 marginibus
1294 3211 1568 3261 serrulatis
1594 3227 1729 3277 prae.

1150 3280 1195 3331 B
