2194 3893
381 237 385 239 -
433 215 579 276 414-
961 198 1558 254 CRYPTOGAMlA.

496 343 815 393 servantur,
871 332 1226 398 superficiales
1271 332 1521 381 elevato·
1548 334 1896 397 marginata,
1953 337 2078 384 satis

493 405 731 451 minutae
747 437 763 461 ‚
799 412 1028 449 saturate
1051 412 1197 448 atrae.

430 468 528 533 767
565 470 823 519 LICHEN
853 466 1268 537 dactylc'serzcs:
1303 477 1475 516 crusta
1499 468 2079 532 papillam-ramulosa

633 539 839 596 albida,
876 537 1100 585 ramulis
1127 537 1394 594 discretis,
1434 535 1672 583 scutellis
1718 536 2077 587 subbacillatis

631 609 756 655 atris
781 607 1028 654 concavis
1056 605 1307 669 margine.
1323 594 1598 652 tum'idulo
1623 603 1822 653 albido.

563 676 620 722 L.
646 675 889 722 oculatus
925 669 1120 721 Dielcs.
1143 667 1179 719 Ρ

490 741 627 790 Hah.
667 759 824 808 supra
862 756 1081 789 muscos
1120 742 1177 787 in
1220 739 1507 805 uligInosis
1553 739 1749 803 alpinis
1791 741 2079 806 Lapponiae

557 812 746 859 rarius.
820 810 1058 858 Nonnisi
1083 808 1146 856 ad
1170 808 1386 856 Verret-
1402 809 1570 855 hamn
1591 809 1851 872 paroeciae
1874 808 2081 859 Masoae

555 879 885 927 Finmarkiae
913 893 1042 926 cum
1066 876 1300 925 scutellis
1324 876 1509 923 lectus.

619 946 843 1011 Papillae
868 956 1060 994 crustae
1084 946 1316 992 omnino
1345 954 1534 991 teretes
1561 943 1651 992 sed
1673 946 1966 994 teneriores
1989 960 2079 992 va-

487 1029 598 1079 gae,
634 1015 962 1079 plerumque
983 1014 1218 1060 verrucis
1245 1011 1406 1058 fuscis
1431 1012 1490 1056 in
1517 1012 1662 1074 apice
1688 1013 1963 1074 praeditae,
1996 1029 2078 1061 ra·

486 1084 601 1129 rius
641 1083 879 1130 scutellis
914 1080 1163 1144 perfectis
1200 1080 1518 1125 terminatae.
1599 1077 1852 1127 Scutellae
1893 1082 2077 1129 aterri-

487 1164 627 1205 mae;
688 1149 865 1196 discus
898 1148 1088 1195 minor
1122 1156 1175 1194 et
1208 1145 1455 1210 margine
1498 1147 1715 1210 proprio
1765 1148 1922 1195 tenui
1967 1158 2078 1195 atro

487 1217 776 1281 praeditus3
821 1215 912 1265 sed
948 1230 1135 1280 margo
1171 1231 1199 1262 e
1230 1223 1404 1260 crusta
1441 1212 1611 1260 factus
1647 1215 1895 1262 tumidus
1930 1226 1982 1263 et
2004 1214 2081 1263 la·

488 1286 621 1343 tior,
669 1284 818 1333 unde
853 1283 1048 1332 oculati
1083 1281 1453 1329 fiunt‘fructus
1490 1291 1542 1329 et
1576 1281 1652 1330 sic
1689 1280 1754 1329 L.
1782 1280 2082 1332 oculatum

486 1349 682 1402 Dicks.
726 1353 902 1400 Forsan
929 1353 1292 1399 constituunt.

420 1417 537 1482 ¹768.
576 1420 837 1469 LICHEN
877 1417 1240 1468 diamarcas:
1298 1426 1473 1465 crusta
1507 1416 1968 1466 subdeterminata
2005 1418 2078 1466 ri-

621 1488 1062 1537 moso-areolata
1087 1486 1588 1544 rubro-ochracea,
1636 1486 1872 1534 scutellis
1904 1486 2079 1552 planis
2132 1505 2135 1508 ·

624 1558 1003 1606 subimmersis
1028 1555 1293 1620 angulatis
1318 1555 1460 1601 atris,
1964 1603 1969 1608 ⁴

555 1626 855 1674 Urceolaria
888 1626 1149 1672 cliamarta
1203 1618 1426 1671 Achar.
1469 1618 1640 1670 meclz.
1699 1629 1812 1685 ¹5¹·
1872 1618 2076 1670 lichen.

693 1695 841 1742 univ.
880 1711 932 1757 p.
958 1703 1075 1755 551.

483 1762 621 1810 Hab.
647 1765 703 1811 in
727 1761 999 1827 lapidibus
1036 1776 1196 1825 supra
1228 1770 1427 1807 terram
1462 1773 1659 1822 parum
1691 1757 1911 1806 elevatis
1944 1772 2078 1823 prae-

553 1832 710 1896 cipue
735 1833 798 1878 ad
822 1830 1002 1877 littora
1023 1831 1188 1876 maris
1214 1827 1563 1875 Nordlandiae
1586 1827 1789 1891 passim
1815 1829 2044 1891 copiose.

617 1899 782 1947 Color
805 1909 996 1945 crustae
1022 1912 1163 1961 saepe
1188 1898 1244 1944 in
1270 1897 1592 1943 ochraceum
1619 1910 1790 1959 usque
1814 1894 1951 1954 abit,
1990 1895 2080 1942 sed

484 1967 545 2013 in
581 1966 817 2015 humido
853 1981 1145 2029 nunquam
1176 1974 1439 2028 ninutatur.
1530 1963 1778 2010 Scutellae
1810 1962 1987 2027 planae
2020 1964 2079 2010 in

483 2036 675 2082 areolis
704 2045 896 2082 crustae
921 2049 1116 2096 parum
1141 2034 1420 2096 impressae
1444 2040 1497 2078 et
1533 2030 1595 2076 ab
1633 2032 1741 2077 oris
1776 2031 2080 2078 areolarum

481 2105 832 2167 marginatae,
882 2111 935 2149 et
968 2102 1044 2148 sic
1075 2100 1314 2147 maculas
1350 2099 1459 2146 fere
1492 2094 1735 2145 efficiunt
1769 2111 1908 2160 saepe
1950 2113 2077 2146 con-

481 2171 714 2218 fluentes
732 2205 746 2229 ‚
785 2180 836 2218 et
861 2184 1055 2216 omnes
1079 2168 1327 2233 margine
1349 2166 1566 2228 speciali
1592 2166 1892 2213 destitutas.

414 2235 530 2302 769.
568 2238 827 2287 LICHEN
867 2234 1173 2301 lzelicopis:
1223 2245 1396 2282 crusta
1435 2234 1984 2281 rimuloso-areolata
2013 2234 2077 2280 li-

610 2307 1003 2354 vido-cinerea
1054 2303 1502 2359 albo-limitata,
1572 2301 1813 2348 scutellis
1860 2302 2076 2350 elevatIS

609 2376 785 2439 planis
810 2372 1312 2431 subimmarginatis
1340 2370 1510 2416 livido
1525 2398 1547 2407 -
1562 2370 1979 2432 nigricantibus.

545 2444 768 2491 Lecidea
797 2443 1056 2505 helicopis
1077 2435 1386 2490 Waklenb.
1418 2438 1478 2485 ιή
1492 2434 1714 2484 Aclzar.
1739 2436 1910 2486 mech.
1936 2436 2078 2503 supl.

682 2528 735 2575 p.
761 2524 810 2573 9,
884 2507 1107 2557 Aclzar.
1140 2506 1346 2556 lichen.
1374 2522 1467 2553 un.
1508 2522 1557 2569 p.
1591 2503 1701 2566 156.

480 2579 618 2628 Hab.
654 2581 711 2626 in
750 2577 1014 2642 lapidibus
1053 2575 1382 2624 littoralibus
1417 2573 1518 2621 sub
1545 2572 1697 2620 fluxu
1720 2573 1882 2619 maris
1907 2573 2075 2620 inter-

551 2647 688 2695 dum
711 2648 937 2710 irrigatis
964 2645 1027 2692 ad
1049 2642 1361 2706 Altenfjord
1397 2641 1723 2689 Finmarkiae
1756 2641 1974 2704 passim.

610 2718 670 2764 In
707 2713 942 2762 humido
977 2709 1293 2760 admodum'
1324 2721 1572 2758 mutatur
1605 2710 1881 2772 aliumque
1923 2707 2074 2756 habi-

480 2797 607 2832 tum
631 2783 816 2831 induit
839 2796 1134 2845 veramque
1159 2795 1318 2827 suam
1352 2788 1605 2825 naturam
1631 2776 1865 2824 exhibet.
1939 2775 2073 2824 Cru-

481 2865 577 2903 stae
599 2851 791 2900 areolae
813 2850 944 2898 adeo
971 2851 1207 2896 minutae
1232 2858 1389 2905 sunt,
1438 2856 1501 2892 ut
1534 2843 1697 2892 nudis
1733 2843 1904 2891 oculis
1930 2845 2073 2892 haud

480 2922 898 2976 discernuntur,
948 2932 1144 2965 verum
1180 2918 1362 2980 potius
1406 2912 1645 2977 asperula
1680 2911 1767 2958 vel
1798 2913 2072 2978 granulata

479 2998 694 3053 apparet
730 2996 919 3035 crusta.
1005 2983 1170 3033 Color
1203 2986 1260 3031 in
1300 2983 1531 3030 humido
1562 2979 1792 3038 lividus,
1840 2981 1898 3027 in
1932 2983 2071 3028 sicco

480 3060 756 3112 cinereus3
794 3053 885 3102 sed
913 3053 1118 3102 limites
1147 3052 1253 3100 albi
1278 3049 1423 3099 haud
1447 3057 1749 3096 mutantur.
1822 3047 2073 3096 Scutellae

478 3141 640 3189 supra
674 3133 906 3170 crustam
940 3122 1159 3170 elevatae
1196 3131 1246 3168 et
1282 3114 1617 3180 marginibus
1652 3115 1832 3163 liberis
1859 3118 2073 3173 cinctae;

480 3193 659 3240 discus
696 3193 754 3237 in
791 3190 1022 3237 humido
1063 3189 1170 3236 sere
1204 3188 1404 3234 lividus
1435 3185 1489 3229 in
1535 3185 1672 3229 sicco
1697 3194 1807 3231 ater
1836 3195 2073 3248 apparet,
2116 3177 2122 3185 ”

477 3263 570 3309 vix
598 3273 849 3324 unquam
883 3272 1175 3308 concavus:
1225 3254 1372 3304 color
1417 3252 1677 3316 marginis
1711 3252 1773 3301 in
1803 3254 1943 3302 sicco
1980 3253 2073 3299 vix
