2194 3893
426 261 537 299 102
958 235 1520 294 ENNEANDRIA.
1559 272 1570 284 t

563 375 736 424 rarius
762 387 842 420 ex.
867 385 942 436 gr.
968 371 1031 419 ad
1056 371 1267 421 flumen
1292 369 1443 418 Tana
1466 377 1520 416 et
1541 365 1770 430 Utsjoki.
1839 370 1903 419 ln
1923 384 2090 417 mon-

565 444 713 490 tibus
747 440 1046 504 subalpinis
1077 454 1208 488 vero
1236 451 1532 501 nunquam
1573 437 1839 500 reperitur
1879 439 1986 486 nisi
2029 438 2089 485 in

566 507 1091 560 Gellivare-dunder
1114 506 1409 571 Lapponiae
1435 503 1687 552 Lulensis
1717 507 1950 570 copiose.

634 577 844 626 Omnes
871 592 1092 641 prorsus
1115 575 1380 623 Auctores
1419 587 1518 637 pro
1549 571 1782 620 valvulis
1805 572 2083 621 seminali-

498 646 602 696 bus
628 645 895 694 distinctis
930 645 1243 692 habuerunt
1277 643 1732 706 integumentum
1767 642 1994 690 seminis
2031 642 2091 688 in

503 716 608 765 alas
658 712 1095 762 membranaceas
1147 709 1456 758 diductum.
1552 706 1717 775 Quod
1769 719 1954 762 autem
2009 724 2092 756 se-

501 784 674 834 minis
716 782 1171 846 integumentum
1214 779 1286 825 sit
1325 774 1522 825 exinde
1550 785 1726 839 patet,
1787 777 1932 840 quod
1964 778 2093 841 stig-

505 862 651 901 mata
674 851 733 898 in
748 851 1011 914 marginis
1033 845 1439 896 membranacei
1463 844 1720 891 sumitate
1743 844 1942 893 inserta
1963 853 2097 892 sunt

510 930 565 969 et
592 919 796 967 sessilia
831 918 972 976 (nec
997 918 1058 964 in
1090 915 1273 964 nuclei
1302 911 1561 961 denudati
1595 911 1803 975 apice),
1840 911 2097 978 quodque

510 987 747 1036 stamina
771 995 915 1035 extra
938 983 1075 1033 illud
1106 984 1282 1049 posita
1315 981 1664 1046 reperiuntur
1692 977 1859 1039 (cum
1889 982 1949 1028 in
1980 980 2097 1027 Ru-

510 1054 747 1103 micibus
781 1055 920 1100 intra
954 1050 1259 1110 valvulas>2
1315 1065 1386 1097 ne
1419 1047 1551 1113 quid
1580 1046 1758 1095 dicam
1798 1047 1864 1097 de
1896 1047 2099 1111 margi·

510 1138 654 1171 num
699 1120 1177 1169 membraceorum
1219 1117 1584 1181 simplicitate.
1678 1115 1883 1180 Nequit
1921 1117 2103 1179 itaque

514 1205 629 1239 esse
653 1189 898 1237 Rumicis
922 1188 1150 1252 species;
1190 1195 1242 1234 et
1263 1202 1290 1252 e
1313 1195 1497 1233 contra
1520 1184 1764 1248 apprime
1783 1184 1948 1233 Rheis
1972 1198 2100 1231 con-

513 1257 669 1305 venit
713 1256 877 1304 nudis
925 1254 1232 1304 seminibus
1278 1252 1924 1311 men‘ibranaceo-alatis,
1985 1265 2107 1299 em·

514 1324 722 1389 bryone
754 1323 977 1373 centrali
1005 1324 1184 1382 recto,
1228 1321 1464 1370 radicula
1497 1336 1657 1385 supra
1686 1319 1948 1368 albumen
1977 1333 2106 1384 pro·

516 1392 675 1441 ducta
706 1403 759 1440 et
791 1403 1036 1441 rostrum
1070 1391 1221 1456 quasi
1263 1389 1446 1440 nuclei
1495 1388 1776 1437 seminalis
1820 1384 2101 1437 efficiente.

514 1460 629 1509 Nec
655 1476 922 1509 numerus
947 1460 1191 1522 partium
1215 1457 1645 1505 fructificationis
1676 1466 1942 1522 repugnat
1969 1454 2107 1520 quin

517 1528 582 1576 ad
618 1527 767 1577 Rhea
796 1528 1093 1594 pertineat3
1141 1527 1187 1574 si
1217 1526 1373 1573 enim
1409 1525 1564 1572 tertia
1595 1539 1712 1588 pars
1747 1522 2056 1573 desumitur
2079 1536 2109 1569 a

515 1597 670 1645 'fiheo
691 1628 708 1655 ,
776 1597 950 1644 oritur
1006 1608 1277 1649 numerus
1338 1593 1601 1640 omnium
1645 1591 1889 1653 partium
1938 1588 2106 1652 hujus

516 1664 743 1730 plantae3
791 1665 839 1711 si
861 1673 1048 1711 autem
1072 1662 1229 1710 tertia
1260 1675 1380 1724 pars
1410 1660 1471 1706 in
1496 1657 1822 1707 liumicibus
1854 1658 2108 1706 desume-

517 1743 697 1791 retur,
734 1742 916 1780 essent
940 1731 1174 1779 stamina
1195 1734 1349 1789 4nec
1379 1736 1445 1774 ut
1476 1742 1533 1775 re
1566 1741 1693 1775 vera
1722 1736 1853 1775 sunt
1872 1723 1920 1774 6.
1991 1725 2108 1773 Ma-

516 1799 750 1865 gnitudo
784 1799 986 1863 plantae
1019 1797 1191 1862 magis
1224 1812 1252 1843 a
1282 1795 1449 1844 Rheis
1480 1794 1733 1842 abhorret
1764 1810 1931 1859 quam
1955 1793 2109 1841 habi-

520 1878 635 1924 tus3
673 1883 804 1915 nam
831 1866 958 1914 folia
983 1865 1099 1929 ejus
1126 1863 1320 1912 multis
1349 1864 1510 1911 costis
1546 1878 1574 1911 e
1596 1862 1912 1927 pedunculo
1933 1862 2111 1911 diver-

518 1935 772 2001 gentibus
798 1936 1152 1982 instruuntur
1171 1942 1234 1980 ut
1255 1932 1315 1978 in
1339 1931 1504 1979 Rheis
1521 1964 1536 1990 ,
1587 1946 1696 1996 quo
1729 1926 1956 1979 affinitas
1980 1945 2109 1995 qua-

520 2004 646 2050 darn
671 2018 800 2051 cum
826 2001 972 2050 foliis
996 2001 1247 2067 palmatis
1272 1999 1694 2048 demonstratur.
1751 1998 1925 2047 Radix
1954 1995 2112 2046 valde

518 2072 775 2136 perennis
799 2081 853 2119 et
873 2070 1156 2134 longaeva,
1194 2069 1317 2116 satis
1350 2083 1535 2115 crassa.

650 2141 712 2187 In
758 2139 1087 2186 Rumicibus
1131 2136 1274 2183 veris
1322 2135 1567 2182 Valvulae
1614 2133 1848 2195 adsunt,
1901 2132 2114 2182 semina

519 2216 652 2255 sunt
684 2208 939 2272 triquetra
969 2206 1089 2254 sine
1124 2203 1467 2268 marginibus
1504 2202 1959 2259 membranaceiS‚
1996 2215 2112 2248 em-

519 2275 652 2337 bryo
687 2285 938 2322 curvatus
975 2284 1055 2322 est
1088 2283 1142 2320 et
1170 2271 1540 2336 periphericus
1571 2271 1662 2321 vel
1682 2282 1828 2321 extra
1852 2269 2114 2319 albumen

517 2344 732 2409 positus
750 2376 765 2401 ,
805 2344 1056 2408 stigmata
1076 2342 1135 2388 in
1160 2340 1312 2402 stylis
1336 2338 1534 2388 liberis.

651 2410 731 2458 Ex
765 2411 849 2460 his
879 2421 1060 2475 patere
1091 2418 1260 2474 pute,
1306 2407 1455 2472 quod
1487 2409 1532 2455 si
1562 2416 1822 2470 sequatur
1849 2405 2116 2455 character

521 2494 823 2543 generum,
894 2480 1011 2526 haec
1048 2478 1235 2543 planta
1276 2476 1573 2526 necessarie
1617 2476 1682 2524 ad
1717 2475 1939 2526 Rheum
1975 2471 2114 2523 refe·

522 2546 689 2595 renda
723 2557 818 2594 est.
1860 2586 1863 2587 γ

653 2608 996 2678 Explzsscacio
1023 2612 1235 2661 iconis:
1272 2627 1316 2660 a.
1354 2610 1559 2661 Semen
1584 2624 1714 2659 cum
1734 2609 1906 2674 cahyce
1925 2622 2110 2674 magn.

521 2691 633 2729 nat.
714 2680 768 2728 b.
802 2680 950 2729 idem
986 2679 1290 2745 quadruplo
1326 2690 1582 2739 auctum,
1628 2695 1736 2743 quo
1769 2687 1982 2742 apparet
2014 2678 2112 2724 eti-

523 2760 705 2814 gmata
717 2749 805 2796 vel
827 2748 994 2810 stylos
1020 2760 1149 2796 cum
1171 2747 1511 2813 marginibus
1532 2748 1755 2796 seminis
1768 2744 2114 2793 membrana-

525 2818 631 2866 ceis
646 2817 932 2874 cohaerere,
947 2816 1228 2866 etlacinias
1242 2816 1431 2879 calycis
1447 2817 1506 2864 in
1520 2810 1764 2863 Valvulas
1785 2811 1926 2861 haud
1950 2811 2111 2862 abire.

527 2900 569 2933 c.
608 2885 758 2933 idem
781 2884 974 2933 eodem
997 2894 1294 2949 augmento
1323 2884 1743 2933 transversaliter
1763 2891 1992 2939 sectum,
2030 2896 2115 2928 ca..

528 2954 655 3016 lycis
678 2952 883 3000 laciniis
917 2952 1158 3012 reflexis,
1200 2967 1304 3003 nec
1335 2967 1586 3016 unquam
1615 2959 1743 2999 cum
1771 2946 2115 3013 marginibus

526 3022 753 3068 seminis
803 3018 1127 3080 conjunctis.
1221 3020 1272 3068 d.
1318 3021 1545 3068 seminis
1577 3018 1814 3067 ‘nucleus
1859 3015 2117 3066 dissectus

526 3087 998 3152 longitudinaliter
1020 3121 1038 3148 ‚
1104 3102 1234 3136 cum
1299 3088 1599 3150 embryone
1666 3096 1812 3137 recto
1878 3083 2115 3140 centrali.

529 3172 576 3206 e.
612 3156 854 3221 Embryo
877 3154 1274 3231 solutus—(hies
1311 3165 1518 3205 auctus.
1669 3150 1676 3161 '

1004 3286 1575 3305 w
