2194 3893
634 202 1141 275 HEXANDRIA.
1635 224 1710 281 33

187 331 538 384 Nordlandiae
571 337 777 401 passim
808 337 1052 402 copiose;
1109 345 1175 385 ut
1217 337 1384 388 etiam
1418 341 1483 390 ad
1520 345 1711 395 sinum

191 401 505 451 bottnicuni
529 407 741 470 copiose
763 405 949 453 lectus.

188 502 194 511 x
248 470 399 517 Tum
427 472 612 520 habitu
637 489 696 521 ac
718 474 1075 538 dispositione
1100 471 1303 521 florum
1329 479 1569 528 maxime
1599 478 1709 529 affl-

120 538 211 586 nis
233 538 274 585 J.
301 535 561 595 bulboso,
604 558 630 589 a
657 558 764 606 quo
787 541 1001 590 abunde
1025 539 1226 590 differt:
1276 545 1465 594 radicis
1493 551 1710 600 caudice

120 605 373 669 elongato
397 621 612 673 repente
634 611 890 674 perenni,
927 609 1109 657 culmo
1132 612 1344 670 stricto,
1384 630 1600 677 prorsus
1631 629 1709 667 te-

120 675 248 733 reti,
298 674 441 722 foliis
468 677 749 726 latioribus
787 689 840 727 et
878 677 1250 737 brevioribus,
1298 682 1557 743 corymbo
1592 702 1707 733 ma-

120 743 202 807 gis
227 744 520 806 paucifloro
550 758 601 794 et
624 746 826 806 effu80‚
863 745 1086 794 floribus
1110 745 1360 812 oblongis
1387 749 1711 816 majoribus¹

119 811 447 876 nigrofuscis
464 847 480 872 ‚
519 825 570 862 et
593 815 822 878 capsulis
846 825 911 862 ut
943 816 1002 861 in
1026 811 1072 861 J.
1095 813 1393 880 sylvatico.

251 879 302 926 A
325 877 369 928 J.
398 884 560 930 temti
580 879 853 931 [Villden.
878 883 1053 948 magis
1079 882 1331 931 diversus
1350 885 1711 951 dispositione

119 945 320 995 florum
337 982 352 1006 ,
394 949 650 999 brevitate
674 952 860 1015 calycis
886 950 1252 999 obtusiusculi
1277 963 1374 1001 etc.

253 1016 445 1082 Figura
475 1016 521 1067 J.
560 1017 778 1068 bulbosi
819 1015 992 1087 Engl.
1017 1016 1130 1066 bot.
1174 1030 1251 1081 13.
1290 1031 1329 1068 t.
1353 1026 1468 1083 934.
1508 1035 1716 1074 nostrae

118 1083 320 1148 plantae
346 1088 469 1133 satis
495 1090 772 1147 convenit,
809 1088 902 1136 sed
930 1087 1141 1152 capsula
1161 1090 1222 1135 in
1244 1087 1606 1154 descriptione
1631 1095 1710 1141 di-

85 1153 266 1201 ·citur
288 1155 575 1202 rotundata
599 1155 842 1204 obovata.
1629 1175 1635 1181 ·

252 1219 591 1288 Explicczcio
628 1225 842 1273 iconis:
888 1240 931 1272 a.
970 1239 1193 1289 gramen
1218 1226 1499 1291 integrum
1527 1244 1708 1294 magn.

122 1299 234 1337 nat.
329 1291 379 1338 b.
437 1291 556 1339 folii
603 1309 724 1357 pars
777 1295 1021 1358 superior
1062 1308 1246 1359 magn.
1291 1311 1489 1359 parum
1544 1309 1710 1346 aucta.
1781 1305 1789 1314 '

123 1373 165 1406 c.
207 1360 418 1423 capsula
450 1377 578 1408 cum
603 1361 773 1423 calyce
796 1377 980 1426 magn.
1009 1371 1146 1408 auct·¹

63 1434 175 1489 ¹58·
214 1428 474 1477 JUNCUS
493 1424 756 1497 stygius:
793 1429 940 1477 foliis
965 1428 1318 1490 subsetaceis,
1355 1429 1580 1480 floribus
1609 1443 1712 1481 ter-

250 1499 338 1544 nis
382 1498 791 1558 terminalibuS,
843 1497 1072 1564 capsulis
1099 1499 1267 1547 acutis
1305 1498 1479 1564 calyce
1508 1502 1713 1549 acumi-

250 1576 380 1612 nato
418 1566 778 1630 longioribus.

184 1633 228 1681 J.
254 1635 458 1699 stygius
495 1631 664 1683 Lz'nn.
691 1650 837 1700 spec.
862 1632 941 1700 ρι’.
978 1650 1030 1700 p.
1056 1631 1180 1697 467.
1251 1630 1438 1683 Smiclz
1462 1637 1529 1685 z'c.
1556 1633 1710 1687 ined.

326 1713 373 1764 5·
412 1720 463 1767 P·
489 1713 572 1764 55·
610 1714 648 1751 t·
671 1712 753 1765 55·
779 1762 790 1774 ,

188 1768 277 1818 Gr.
302 1769 569 1833 junceum
591 1772 902 1819 minimum
928 1770 1190 1826 alterum3
1237 1786 1407 1837 prope
1445 1772 1714 1839 oppidum

325 1839 600 1887 Einsiedel
629 1839 1013 1888 Helvetiorum
1044 1840 1104 1886 in
1133 1838 1485 1904 palustribus.
1557 1838 1711 1890 Bur-

320 1922 426 1955 ser.
467 1905 620 1956 herb.
664 1924 706 1955 1.
744 1924 802 1956 n.
841 1905 926 1969 64.

122 1973 260 2024 Hab.
285 1975 343 2022 in
374 1976 664 2040 paludibus
689 1977 903 2041 aquosis
938 1992 1032 2041 per
1064 1985 1275 2041 partem
1309 1976 1625 2041 sylvaticam
1664 1989 1713 2026 et

185 2042 608 2106 subsylvaticam
641 2045 1048 2109 Lapponiaruni
1079 2046 1412 2092 svecicarum
1449 2063 1623 2111 usque
1649 2048 1712 2094 ad

184 2111 358 2160 Enare
385 2110 608 2178 ejusque
630 2112 811 2160 lacum
837 2111 1199 2175 Hastemja'rvi
1230 2115 1438 2178 passim
1468 2117 1714 2180 copiose;

186 2181 247 2228 in
274 2180 631 2229 Nordlandia:
680 2178 959 2247 To'nnz'ng.

250 2248 396 2297 Folia
419 2249 723 2297 admodum
743 2249 930 2296 mollia
950 2283 965 2305 ,
1011 2248 1341 2314 plerumque
1372 2266 1490 2298 non
1515 2266 1711 2316 parum

121 2316 464 2366 rufescentia.
539 2317 771 2365 Culmus
786 2317 990 2382 gracilis
1022 2318 1111 2364 vix
1135 2318 1509 2380 spithamaeus.
1581 2319 1710 2367 Bra-

120 2396 232 2434 ctea
256 2387 562 2451 gfflmacea,
604 2386 807 2434 foliolis
842 2386 1089 2447 calycinis
1122 2387 1213 2432 vix
1247 2385 1454 2448 major,
1492 2387 1710 2452 pallida,

124 2455 472 2502 erectiuscula
530 2453 678 2501 unde
740 2453 893 2501 flores
941 2454 1201 2501 nonnihil
1249 2454 1314 2500 ad
1362 2455 1501 2503 latus
1549 2456 1713 2519 positi

120 2534 269 2571 sunt.
351 2522 554 2570 Foliola
592 2523 828 2585 calycina
865 2523 1081 2578 tenuia,
1140 2521 1336 2585 pallida
1374 2523 1464 2570 ‚vel
1498 2523 1712 2571 decolo-

119 2602 246 2639 rata.
344 2590 574 2656 Capsula
622 2588 800 2652 major
840 2605 1006 2654 quam
1054 2590 1113 2636 in
1165 2592 1367 2638 caeteris
1410 2591 1711 2656 lapponicis

114 2659 429 2724 speciebus,
476 2658 858 2724 magnitudine
904 2658 1108 2706 circiter
1151 2648 1441 2706 semininis
1485 2659 1712 2718 Hordei,

122 2739 302 2777 exacte
327 2729 538 2793 trigona
554 2762 568 2787 ,
592 2737 739 2774 acuta
756 2760 772 2785 ,
796 2725 1091 2784 lutescens,
1116 2740 1333 2790 semper
1358 2727 1712 2774 unilocularis

117 2807 172 2844 et
200 2800 320 2846 sine
352 2797 581 2860 vestigio
627 2794 1153 2859 dissepimentorum
1194 2806 1392 2858 praeter
1440 2810 1607 2858 quam
1650 2797 1711 2843 in

115 2863 313 2913 fundo.
385 2864 605 2913 Semina
629 2862 920 2911 lanceolata
946 2864 1207 2925 utrinque
1230 2863 1554 2910 acuminata.
1593 2887 1601 2892 *

243 2930 429 2980 'Junco
453 2931 730 2999 sylvacz'co
766 2932 1016 2996 proxime
1046 2926 1218 2977 affinis
1255 2941 1364 2986 est3
1412 2930 1541 2977 folia
1574 2945 1712 2995 quo-

118 3017 223 3067 que
247 3003 391 3050 utin
422 3001 519 3049 illo
546 3002 1082 3064 tereti—compressa,
1131 2997 1224 3047 sed
1260 2999 1378 3047 sine
1417 2998 1549 3045 ullis
1582 3000 1709 3046 arti·

115 3071 272 3118 culis.
346 3068 576 3118 Culmus
612 3068 895 3116 interdum
927 3082 1162 3131 superne
1206 3066 1518 3132 ramulosus
1564 3066 1623 3114 fit
1658 3078 1712 3115 et

115 3139 368 3204 pluribus
404 3137 721 3203 glonierulis
759 3135 1082 3192 instruitur3
1120 3145 1361 3199 tuncque
1387 3133 1545 3183 facies
1572 3151 1711 3198 quo-

117 3223 224 3271 que
247 3207 311 3256 ab
336 3207 486 3255 illius
510 3206 651 3254 hand
675 3205 849 3253 aliena
875 3204 1067 3263 evadit.
1140 3202 1306 3271 Quod
1330 3218 1459 3253 vexo
1494 3202 1714 3252 abunde

0 3307 72 3366 Q
118 3275 360 3327 diversus
387 3276 458 3325 sit
478 3274 630 3325 nulla
655 3274 1124 3326 demonstratione
1135 3281 1288 3386 Feget.

68 3351 79 3369 ,.
1207 3352 1243 3388 2
