<?xml version="1.0" encoding="UTF-8"?>
<!DOCTYPE html PUBLIC "-//W3C//DTD XHTML 1.0 Transitional//EN"
    "http://www.w3.org/TR/xhtml1/DTD/xhtml1-transitional.dtd">
<html xmlns="http://www.w3.org/1999/xhtml" xml:lang="en" lang="en">
 <head>
  <title>
</title>
<meta http-equiv="Content-Type" content="text/html;charset=utf-8" />
  <meta name='ocr-system' content='tesseract 3.04.00' />
  <meta name='ocr-capabilities' content='ocr_page ocr_carea ocr_par ocr_line ocrx_word'/>
</head>
<body>
  <div class='ocr_page' id='page_1' title='image "./floralapponicaex00wahl_0144.png"; bbox 0 0 2194 3893; ppageno 0'>
   <div class='ocr_carea' id='block_1_1' title="bbox 464 216 1577 315">
    <p class='ocr_par' dir='ltr' id='par_1_1' title="bbox 464 216 1577 315">
     <span class='ocr_line' id='line_1_1' title="bbox 464 216 1577 315; baseline -0.008 -11"><span class='ocrx_word' id='word_1_1' title='bbox 464 216 571 315; x_wconf 62' lang='lat'>65,</span> <span class='ocrx_word' id='word_1_2' title='bbox 1029 238 1384 298; x_wconf 69' lang='lat' dir='ltr'>PENTANJ</span> <span class='ocrx_word' id='word_1_3' title='bbox 1402 245 1577 296; x_wconf 80' lang='lat' dir='ltr'><strong>›R1A.</strong></span> 
     </span>
    </p>
   </div>
   <div class='ocr_carea' id='block_1_2' title="bbox 491 375 2174 3354">
    <p class='ocr_par' dir='ltr' id='par_1_2' title="bbox 551 375 2174 1736">
     <span class='ocr_line' id='line_1_2' title="bbox 678 375 2140 444; baseline -0.003 -13"><span class='ocrx_word' id='word_1_4' title='bbox 678 382 897 432; x_wconf 76' lang='lat' dir='ltr'>Caeteris</span> <span class='ocrx_word' id='word_1_5' title='bbox 922 379 1122 427; x_wconf 87' lang='lat' dir='ltr'>nostris</span> <span class='ocrx_word' id='word_1_6' title='bbox 1147 376 1423 442; x_wconf 85' lang='lat' dir='ltr'>speciebus</span> <span class='ocrx_word' id='word_1_7' title='bbox 1447 377 1772 444; x_wconf 81' lang='lat' dir='ltr'>neutiquam</span> <span class='ocrx_word' id='word_1_8' title='bbox 1796 375 2003 439; x_wconf 80' lang='lat' dir='ltr'>affinis,</span> <span class='ocrx_word' id='word_1_9' title='bbox 2041 393 2140 426; x_wconf 88' lang='lat' dir='ltr'>ne·</span> 
     </span>
     <span class='ocr_line' id='line_1_3' title="bbox 554 445 2143 517; baseline -0.005 -17"><span class='ocrx_word' id='word_1_10' title='bbox 554 468 657 517; x_wconf 85' lang='lat' dir='ltr'>que</span> <span class='ocrx_word' id='word_1_11' title='bbox 692 452 879 498; x_wconf 79' lang='lat' dir='ltr'>habitu</span> <span class='ocrx_word' id='word_1_12' title='bbox 924 447 1139 495; x_wconf 82' lang='lat' dir='ltr'>similis.</span> <span class='ocrx_word' id='word_1_13' title='bbox 1221 445 1369 492; x_wconf 79' lang='lat' dir='ltr'>Folia</span> <span class='ocrx_word' id='word_1_14' title='bbox 1412 445 1477 491; x_wconf 87' lang='lat' dir='ltr'>ad</span> <span class='ocrx_word' id='word_1_15' title='bbox 1524 445 1760 494; x_wconf 85' lang='lat' dir='ltr'>radicem</span> <span class='ocrx_word' id='word_1_16' title='bbox 1806 463 1999 511; x_wconf 83' lang='lat' dir='ltr'>parva,</span> <span class='ocrx_word' id='word_1_17' title='bbox 2055 448 2143 493; x_wconf 85' lang='lat' dir='ltr'>vix</span> 
     </span>
     <span class='ocr_line' id='line_1_4' title="bbox 551 508 2142 585; baseline -0.003 -21"><span class='ocrx_word' id='word_1_18' title='bbox 551 518 954 585; x_wconf 69' lang='lat' dir='ltr'>ungvicularia,</span> <span class='ocrx_word' id='word_1_19' title='bbox 995 514 1254 578; x_wconf 82' lang='lat' dir='ltr'>oblonga3</span> <span class='ocrx_word' id='word_1_20' title='bbox 1308 512 1397 560; x_wconf 78' lang='lat' dir='ltr'>sed</span> <span class='ocrx_word' id='word_1_21' title='bbox 1434 514 1494 560; x_wconf 86' lang='lat' dir='ltr'>in</span> <span class='ocrx_word' id='word_1_22' title='bbox 1533 508 1983 580; x_wconf 50' lang='lat' dir='ltr'>superiore&#39;parte</span> <span class='ocrx_word' id='word_1_23' title='bbox 2018 529 2142 562; x_wconf 84' lang='lat' dir='ltr'>cau-</span> 
     </span>
     <span class='ocr_line' id='line_1_5' title="bbox 553 579 2139 646; baseline -0.004 -12"><span class='ocrx_word' id='word_1_24' title='bbox 553 588 620 634; x_wconf 88' lang='lat' dir='ltr'>lis</span> <span class='ocrx_word' id='word_1_25' title='bbox 647 587 842 634; x_wconf 78' lang='lat' dir='ltr'>adsunt</span> <span class='ocrx_word' id='word_1_26' title='bbox 868 584 991 631; x_wconf 76' lang='lat' dir='ltr'>folia</span> <span class='ocrx_word' id='word_1_27' title='bbox 1017 580 1374 629; x_wconf 76' lang='lat' dir='ltr'>involucralia</span> <span class='ocrx_word' id='word_1_28' title='bbox 1398 579 1496 628; x_wconf 85' lang='lat' dir='ltr'>sub</span> <span class='ocrx_word' id='word_1_29' title='bbox 1523 580 1745 629; x_wconf 85' lang='lat' dir='ltr'>floribus</span> <span class='ocrx_word' id='word_1_30' title='bbox 1767 585 1960 646; x_wconf 86' lang='lat' dir='ltr'>posita,</span> <span class='ocrx_word' id='word_1_31' title='bbox 1992 580 2139 630; x_wconf 88' lang='lat' dir='ltr'>mul-</span> 
     </span>
     <span class='ocr_line' id='line_1_6' title="bbox 554 650 2142 714; baseline -0.004 -12"><span class='ocrx_word' id='word_1_32' title='bbox 554 657 715 702; x_wconf 84' lang='lat' dir='ltr'>toties</span> <span class='ocrx_word' id='word_1_33' title='bbox 759 651 996 714; x_wconf 80' lang='lat' dir='ltr'>majora,</span> <span class='ocrx_word' id='word_1_34' title='bbox 1052 650 1158 698; x_wconf 82' lang='lat' dir='ltr'>late</span> <span class='ocrx_word' id='word_1_35' title='bbox 1203 660 1387 706; x_wconf 75' lang='lat' dir='ltr'>ovata,</span> <span class='ocrx_word' id='word_1_36' title='bbox 1443 659 1624 706; x_wconf 73' lang='lat' dir='ltr'>acuta,</span> <span class='ocrx_word' id='word_1_37' title='bbox 1694 650 2142 714; x_wconf 85' lang='lat' dir='ltr'>quinquenervia,</span> 
     </span>
     <span class='ocr_line' id='line_1_7' title="bbox 553 717 2143 786; baseline -0.004 -16"><span class='ocrx_word' id='word_1_38' title='bbox 553 723 700 782; x_wconf 75' lang='lat' dir='ltr'>haud</span> <span class='ocrx_word' id='word_1_39' title='bbox 724 719 1134 786; x_wconf 75' lang='lat' dir='ltr'>amplexicaulia</span> <span class='ocrx_word' id='word_1_40' title='bbox 1161 733 1340 780; x_wconf 86' lang='lat' dir='ltr'>neque</span> <span class='ocrx_word' id='word_1_41' title='bbox 1361 717 1475 763; x_wconf 87' lang='lat' dir='ltr'>basi</span> <span class='ocrx_word' id='word_1_42' title='bbox 1501 727 1745 764; x_wconf 86' lang='lat' dir='ltr'>connata.</span> <span class='ocrx_word' id='word_1_43' title='bbox 1793 718 1952 766; x_wconf 85' lang='lat' dir='ltr'>Rami</span> <span class='ocrx_word' id='word_1_44' title='bbox 1974 733 2143 782; x_wconf 79' lang='lat' dir='ltr'>prope</span> 
     </span>
     <span class='ocr_line' id='line_1_8' title="bbox 553 784 2141 849; baseline -0.006 -11"><span class='ocrx_word' id='word_1_45' title='bbox 553 791 791 839; x_wconf 76' lang='lat' dir='ltr'>radicem</span> <span class='ocrx_word' id='word_1_46' title='bbox 827 787 1140 843; x_wconf 79' lang='lat' dir='ltr'><strong>numerosi,</strong></span> <span class='ocrx_word' id='word_1_47' title='bbox 1202 784 1617 844; x_wconf 73' lang='lat' dir='ltr'><strong>adscendentes,</strong></span> <span class='ocrx_word' id='word_1_48' title='bbox 1662 795 1881 845; x_wconf 86' lang='lat' dir='ltr'>tenues,</span> <span class='ocrx_word' id='word_1_49' title='bbox 1928 786 2141 849; x_wconf 83' lang='lat' dir='ltr'>simpli-</span> 
     </span>
     <span class='ocr_line' id='line_1_9' title="bbox 554 853 2174 917; baseline -0.005 -11"><span class='ocrx_word' id='word_1_50' title='bbox 554 858 814 915; x_wconf 85' lang='lat' dir='ltr'>ciusculi‚</span> <span class='ocrx_word' id='word_1_51' title='bbox 861 856 989 902; x_wconf 84' lang='lat' dir='ltr'>flore</span> <span class='ocrx_word' id='word_1_52' title='bbox 1033 869 1148 901; x_wconf 90' lang='lat' dir='ltr'>uno</span> <span class='ocrx_word' id='word_1_53' title='bbox 1183 853 1417 901; x_wconf 85' lang='lat' dir='ltr'>alterove</span> <span class='ocrx_word' id='word_1_54' title='bbox 1463 853 1740 900; x_wconf 84' lang='lat' dir='ltr'>terminati</span> <span class='ocrx_word' id='word_1_55' title='bbox 1785 853 1928 902; x_wconf 87' lang='lat' dir='ltr'>caule</span> <span class='ocrx_word' id='word_1_56' title='bbox 1975 853 2174 917; x_wconf 83' lang='lat' dir='ltr'>duplo-</span> 
     </span>
     <span class='ocr_line' id='line_1_10' title="bbox 552 920 2144 984; baseline -0.005 -11"><span class='ocrx_word' id='word_1_57' title='bbox 552 927 846 973; x_wconf 83' lang='lat' dir='ltr'>breviores.</span> <span class='ocrx_word' id='word_1_58' title='bbox 922 922 1103 969; x_wconf 86' lang='lat' dir='ltr'>Caulis</span> <span class='ocrx_word' id='word_1_59' title='bbox 1161 921 1225 968; x_wconf 84' lang='lat' dir='ltr'>de</span> <span class='ocrx_word' id='word_1_60' title='bbox 1275 931 1463 967; x_wconf 73' lang='lat' dir='ltr'>caetero</span> <span class='ocrx_word' id='word_1_61' title='bbox 1511 920 1770 984; x_wconf 79' lang='lat' dir='ltr'>simplex,</span> <span class='ocrx_word' id='word_1_62' title='bbox 1828 922 2010 969; x_wconf 84' lang='lat' dir='ltr'>nudus</span> <span class='ocrx_word' id='word_1_63' title='bbox 2058 920 2144 966; x_wconf 88' lang='lat' dir='ltr'>vel</span> 
     </span>
     <span class='ocr_line' id='line_1_11' title="bbox 553 987 2146 1058; baseline -0.004 -16"><span class='ocrx_word' id='word_1_64' title='bbox 553 993 801 1058; x_wconf 83' lang='lat' dir='ltr'>aphyllus</span> <span class='ocrx_word' id='word_1_65' title='bbox 837 990 1111 1054; x_wconf 78' lang='lat' dir='ltr'>(exceptis</span> <span class='ocrx_word' id='word_1_66' title='bbox 1136 990 1319 1053; x_wconf 77' lang='lat' dir='ltr'>paucis</span> <span class='ocrx_word' id='word_1_67' title='bbox 1356 988 1498 1048; x_wconf 82' lang='lat' dir='ltr'>foliis</span> <span class='ocrx_word' id='word_1_68' title='bbox 1534 988 1689 1035; x_wconf 83' lang='lat' dir='ltr'>flores</span> <span class='ocrx_word' id='word_1_69' title='bbox 1733 987 2146 1049; x_wconf 75' lang='lat' dir='ltr'>fulcrantibus)‚</span> 
     </span>
     <span class='ocr_line' id='line_1_12' title="bbox 553 1056 2145 1126; baseline -0.004 -18"><span class='ocrx_word' id='word_1_70' title='bbox 553 1059 957 1126; x_wconf 71' lang='lat' dir='ltr'>quadrangulus</span> <span class='ocrx_word' id='word_1_71' title='bbox 977 1092 992 1115; x_wconf 90' lang='lat'>‚</span> <span class='ocrx_word' id='word_1_72' title='bbox 1029 1056 1374 1104; x_wconf 83' lang='lat' dir='ltr'>dodrantalis.</span> <span class='ocrx_word' id='word_1_73' title='bbox 1435 1057 1497 1103; x_wconf 93' lang='lat' dir='ltr'>In</span> <span class='ocrx_word' id='word_1_74' title='bbox 1523 1056 1708 1104; x_wconf 84' lang='lat' dir='ltr'>medio</span> <span class='ocrx_word' id='word_1_75' title='bbox 1733 1057 1878 1105; x_wconf 85' lang='lat' dir='ltr'>caule</span> <span class='ocrx_word' id='word_1_76' title='bbox 1901 1058 2145 1122; x_wconf 87' lang='lat' dir='ltr'>plerum-</span> 
     </span>
     <span class='ocr_line' id='line_1_13' title="bbox 555 1123 2144 1193; baseline -0.004 -17"><span class='ocrx_word' id='word_1_77' title='bbox 555 1146 659 1193; x_wconf 85' lang='lat' dir='ltr'>que</span> <span class='ocrx_word' id='word_1_78' title='bbox 683 1129 881 1175; x_wconf 79' lang='lat' dir='ltr'>adsunt</span> <span class='ocrx_word' id='word_1_79' title='bbox 909 1126 1018 1172; x_wconf 80' lang='lat' dir='ltr'>duo</span> <span class='ocrx_word' id='word_1_80' title='bbox 1041 1140 1238 1190; x_wconf 82' lang='lat' dir='ltr'>magna</span> <span class='ocrx_word' id='word_1_81' title='bbox 1272 1124 1401 1171; x_wconf 87' lang='lat' dir='ltr'>folia</span> <span class='ocrx_word' id='word_1_82' title='bbox 1426 1123 1810 1184; x_wconf 83' lang='lat' dir='ltr'>involucralia‚</span> <span class='ocrx_word' id='word_1_83' title='bbox 1849 1141 1976 1174; x_wconf 84' lang='lat' dir='ltr'>cum</span> <span class='ocrx_word' id='word_1_84' title='bbox 1998 1124 2144 1171; x_wconf 85' lang='lat' dir='ltr'>flori-</span> 
     </span>
     <span class='ocr_line' id='line_1_14' title="bbox 553 1191 2145 1258; baseline -0.003 -14"><span class='ocrx_word' id='word_1_85' title='bbox 553 1198 654 1244; x_wconf 84' lang='lat' dir='ltr'>bus</span> <span class='ocrx_word' id='word_1_86' title='bbox 679 1196 849 1243; x_wconf 85' lang='lat' dir='ltr'>tribus</span> <span class='ocrx_word' id='word_1_87' title='bbox 876 1204 1174 1258; x_wconf 82' lang='lat' dir='ltr'>quatuorve</span> <span class='ocrx_word' id='word_1_88' title='bbox 1196 1191 1601 1257; x_wconf 82' lang='lat' dir='ltr'>pedunculatis;</span> <span class='ocrx_word' id='word_1_89' title='bbox 1632 1192 1690 1238; x_wconf 90' lang='lat' dir='ltr'>in</span> <span class='ocrx_word' id='word_1_90' title='bbox 1718 1208 1971 1257; x_wconf 86' lang='lat' dir='ltr'>supremo</span> <span class='ocrx_word' id='word_1_91' title='bbox 1996 1191 2145 1240; x_wconf 84' lang='lat' dir='ltr'>caule</span> 
     </span>
     <span class='ocr_line' id='line_1_15' title="bbox 552 1260 2140 1326; baseline -0.004 -13"><span class='ocrx_word' id='word_1_92' title='bbox 552 1265 709 1313; x_wconf 87' lang='lat' dir='ltr'>flores</span> <span class='ocrx_word' id='word_1_93' title='bbox 735 1262 1017 1310; x_wconf 81' lang='lat' dir='ltr'>numerosi</span> <span class='ocrx_word' id='word_1_94' title='bbox 1044 1261 1308 1326; x_wconf 80' lang='lat' dir='ltr'>aggregati</span> <span class='ocrx_word' id='word_1_95' title='bbox 1331 1271 1461 1307; x_wconf 88' lang='lat' dir='ltr'>sunt</span> <span class='ocrx_word' id='word_1_96' title='bbox 1483 1261 1542 1306; x_wconf 89' lang='lat' dir='ltr'>in</span> <span class='ocrx_word' id='word_1_97' title='bbox 1568 1260 1867 1324; x_wconf 85' lang='lat' dir='ltr'>capitulum</span> <span class='ocrx_word' id='word_1_98' title='bbox 1889 1260 2140 1325; x_wconf 83' lang='lat' dir='ltr'>pluribus</span> 
     </span>
     <span class='ocr_line' id='line_1_16' title="bbox 554 1327 2141 1390; baseline -0.004 -10"><span class='ocrx_word' id='word_1_99' title='bbox 554 1331 699 1380; x_wconf 85' lang='lat' dir='ltr'>foliis</span> <span class='ocrx_word' id='word_1_100' title='bbox 728 1332 1036 1378; x_wconf 82' lang='lat' dir='ltr'>fulcratum.</span> <span class='ocrx_word' id='word_1_101' title='bbox 1113 1327 1275 1389; x_wconf 76' lang='lat' dir='ltr'>Calyx</span> <span class='ocrx_word' id='word_1_102' title='bbox 1299 1327 1361 1374; x_wconf 88' lang='lat' dir='ltr'>ad</span> <span class='ocrx_word' id='word_1_103' title='bbox 1381 1328 1635 1376; x_wconf 81' lang='lat' dir='ltr'>medium</span> <span class='ocrx_word' id='word_1_104' title='bbox 1659 1328 1890 1390; x_wconf 83' lang='lat' dir='ltr'>5fidum:</span> <span class='ocrx_word' id='word_1_105' title='bbox 1930 1328 2141 1375; x_wconf 87' lang='lat' dir='ltr'>laciniis</span> 
     </span>
     <span class='ocr_line' id='line_1_17' title="bbox 553 1395 2143 1465; baseline -0.005 -17"><span class='ocrx_word' id='word_1_106' title='bbox 553 1401 837 1465; x_wconf 74' lang='lat' dir='ltr'>oblongis,</span> <span class='ocrx_word' id='word_1_107' title='bbox 878 1398 1073 1446; x_wconf 85' lang='lat' dir='ltr'>corolla</span> <span class='ocrx_word' id='word_1_108' title='bbox 1097 1395 1207 1445; x_wconf 77' lang='lat' dir='ltr'>fere</span> <span class='ocrx_word' id='word_1_109' title='bbox 1230 1396 1590 1461; x_wconf 87' lang='lat' dir='ltr'>longioribus.</span> <span class='ocrx_word' id='word_1_110' title='bbox 1677 1395 1891 1444; x_wconf 77' lang='lat' dir='ltr'>Corolla</span> <span class='ocrx_word' id='word_1_111' title='bbox 1929 1411 2143 1460; x_wconf 85' lang='lat' dir='ltr'>semper</span> 
     </span>
     <span class='ocr_line' id='line_1_18' title="bbox 553 1464 2144 1528; baseline -0.004 -13"><span class='ocrx_word' id='word_1_112' title='bbox 553 1468 671 1515; x_wconf 76' lang='lat' dir='ltr'>alba</span> <span class='ocrx_word' id='word_1_113' title='bbox 695 1469 910 1515; x_wconf 81' lang='lat' dir='ltr'>etiamsi</span> <span class='ocrx_word' id='word_1_114' title='bbox 940 1467 1057 1513; x_wconf 83' lang='lat' dir='ltr'>sine</span> <span class='ocrx_word' id='word_1_115' title='bbox 1093 1464 1353 1522; x_wconf 85' lang='lat' dir='ltr'>candore,</span> <span class='ocrx_word' id='word_1_116' title='bbox 1399 1481 1586 1528; x_wconf 81' lang='lat' dir='ltr'>parva:</span> <span class='ocrx_word' id='word_1_117' title='bbox 1641 1464 1801 1512; x_wconf 89' lang='lat' dir='ltr'>tubus</span> <span class='ocrx_word' id='word_1_118' title='bbox 1840 1465 2013 1512; x_wconf 83' lang='lat' dir='ltr'>brevis</span> <span class='ocrx_word' id='word_1_119' title='bbox 2051 1464 2144 1509; x_wconf 82' lang='lat' dir='ltr'>vix</span> 
     </span>
     <span class='ocr_line' id='line_1_19' title="bbox 555 1532 2143 1598; baseline -0.004 -15"><span class='ocrx_word' id='word_1_120' title='bbox 555 1535 745 1598; x_wconf 84' lang='lat' dir='ltr'>calycis</span> <span class='ocrx_word' id='word_1_121' title='bbox 771 1535 902 1582; x_wconf 90' lang='lat' dir='ltr'>tubo</span> <span class='ocrx_word' id='word_1_122' title='bbox 928 1534 1171 1596; x_wconf 77' lang='lat' dir='ltr'>longior:</span> <span class='ocrx_word' id='word_1_123' title='bbox 1220 1532 1432 1578; x_wconf 80' lang='lat' dir='ltr'>laciniae</span> <span class='ocrx_word' id='word_1_124' title='bbox 1467 1534 1792 1580; x_wconf 82' lang='lat' dir='ltr'>acuminatae</span> <span class='ocrx_word' id='word_1_125' title='bbox 1826 1543 2143 1594; x_wconf 84' lang='lat' dir='ltr'>erecto-pa-</span> 
     </span>
     <span class='ocr_line' id='line_1_20' title="bbox 552 1599 2144 1666; baseline -0.003 -15"><span class='ocrx_word' id='word_1_126' title='bbox 552 1615 747 1651; x_wconf 75' lang='lat' dir='ltr'>tentes,</span> <span class='ocrx_word' id='word_1_127' title='bbox 841 1601 1072 1666; x_wconf 82' lang='lat' dir='ltr'>Capsula</span> <span class='ocrx_word' id='word_1_128' title='bbox 1121 1599 1293 1662; x_wconf 82' lang='lat' dir='ltr'>calyce</span> <span class='ocrx_word' id='word_1_129' title='bbox 1335 1615 1533 1663; x_wconf 82' lang='lat' dir='ltr'>parum</span> <span class='ocrx_word' id='word_1_130' title='bbox 1578 1600 1824 1666; x_wconf 79' lang='lat' dir='ltr'>longior,</span> <span class='ocrx_word' id='word_1_131' title='bbox 1897 1600 2144 1649; x_wconf 82' lang='lat' dir='ltr'>obtusior</span> 
     </span>
     <span class='ocr_line' id='line_1_21' title="bbox 553 1681 1054 1736; baseline -0.01 -17"><span class='ocrx_word' id='word_1_132' title='bbox 553 1687 721 1736; x_wconf 81' lang='lat' dir='ltr'>quam</span> <span class='ocrx_word' id='word_1_133' title='bbox 744 1687 803 1718; x_wconf 77' lang='lat' dir='ltr'>in</span> <span class='ocrx_word' id='word_1_134' title='bbox 827 1685 901 1717; x_wconf 80' lang='lat' dir='ltr'>cae</span> <span class='ocrx_word' id='word_1_135' title='bbox 914 1681 1054 1715; x_wconf 86' lang='lat' dir='ltr'>tens.</span> 
     </span>
    </p>

    <p class='ocr_par' dir='ltr' id='par_1_3' title="bbox 551 1733 2145 2076">
     <span class='ocr_line' id='line_1_22' title="bbox 686 1733 2142 1800; baseline -0.003 -14"><span class='ocrx_word' id='word_1_136' title='bbox 686 1737 864 1800; x_wconf 82' lang='lat' dir='ltr'>Hujus</span> <span class='ocrx_word' id='word_1_137' title='bbox 899 1733 1082 1784; x_wconf 83' lang='lat' dir='ltr'>affines</span> <span class='ocrx_word' id='word_1_138' title='bbox 1115 1737 1315 1800; x_wconf 84' lang='lat' dir='ltr'>species</span> <span class='ocrx_word' id='word_1_139' title='bbox 1359 1736 1416 1783; x_wconf 91' lang='lat' dir='ltr'>in</span> <span class='ocrx_word' id='word_1_140' title='bbox 1462 1734 1712 1785; x_wconf 87' lang='lat' dir='ltr'>America</span> <span class='ocrx_word' id='word_1_141' title='bbox 1751 1735 1952 1784; x_wconf 89' lang='lat' dir='ltr'>boreali</span> <span class='ocrx_word' id='word_1_142' title='bbox 1996 1749 2142 1799; x_wconf 79' lang='lat' dir='ltr'>quae-</span> 
     </span>
     <span class='ocr_line' id='line_1_23' title="bbox 554 1799 2141 1871; baseline -0.004 -15"><span class='ocrx_word' id='word_1_143' title='bbox 554 1807 738 1856; x_wconf 76' lang='lat' dir='ltr'>rendae</span> <span class='ocrx_word' id='word_1_144' title='bbox 775 1816 919 1853; x_wconf 85' lang='lat' dir='ltr'>sunt.</span> <span class='ocrx_word' id='word_1_145' title='bbox 1009 1804 1060 1851; x_wconf 84' lang='lat' dir='ltr'><strong>A</strong></span> <span class='ocrx_word' id='word_1_146' title='bbox 1096 1804 1156 1851; x_wconf 92' lang='lat' dir='ltr'>G.</span> <span class='ocrx_word' id='word_1_147' title='bbox 1199 1799 1603 1871; x_wconf 71' lang='lat' dir='ltr'>quinquefolz&#39;a</span> <span class='ocrx_word' id='word_1_148' title='bbox 1636 1806 1795 1852; x_wconf 86' lang='lat' dir='ltr'>Linn.</span> <span class='ocrx_word' id='word_1_149' title='bbox 1821 1802 2036 1851; x_wconf 83' lang='lat' dir='ltr'>abunde</span> <span class='ocrx_word' id='word_1_150' title='bbox 2061 1804 2141 1849; x_wconf 86' lang='lat' dir='ltr'>di-</span> 
     </span>
     <span class='ocr_line' id='line_1_24' title="bbox 555 1870 2142 1938; baseline -0.003 -16"><span class='ocrx_word' id='word_1_151' title='bbox 555 1891 736 1933; x_wconf 88' lang='lat' dir='ltr'>versa,</span> <span class='ocrx_word' id='word_1_152' title='bbox 776 1888 895 1938; x_wconf 78' lang='lat' dir='ltr'>quae</span> <span class='ocrx_word' id='word_1_153' title='bbox 925 1870 1178 1938; x_wconf 72' lang='lat' dir='ltr'>aplzylloe</span> <span class='ocrx_word' id='word_1_154' title='bbox 1201 1872 1395 1927; x_wconf 79' lang='lat' dir='ltr'>similis</span> <span class='ocrx_word' id='word_1_155' title='bbox 1419 1883 1512 1919; x_wconf 30' lang='lat' dir='ltr'>esti</span> <span class='ocrx_word' id='word_1_156' title='bbox 1590 1871 1780 1938; x_wconf 83' lang='lat' dir='ltr'>Quum</span> <span class='ocrx_word' id='word_1_157' title='bbox 1815 1872 1970 1919; x_wconf 84' lang='lat' dir='ltr'>flores</span> <span class='ocrx_word' id='word_1_158' title='bbox 2003 1880 2142 1919; x_wconf 62' lang='lat' dir='ltr'>neu-</span> 
     </span>
     <span class='ocr_line' id='line_1_25' title="bbox 554 1939 2145 2006; baseline -0.002 -17"><span class='ocrx_word' id='word_1_159' title='bbox 554 1945 766 2006; x_wconf 80' lang='lat' dir='ltr'>tiquam</span> <span class='ocrx_word' id='word_1_160' title='bbox 802 1943 949 1989; x_wconf 85' lang='lat' dir='ltr'>aurei</span> <span class='ocrx_word' id='word_1_161' title='bbox 982 1942 1092 1987; x_wconf 87' lang='lat' dir='ltr'>nisi</span> <span class='ocrx_word' id='word_1_162' title='bbox 1124 1939 1267 1988; x_wconf 81' lang='lat' dir='ltr'>male</span> <span class='ocrx_word' id='word_1_163' title='bbox 1302 1941 1548 1988; x_wconf 79' lang='lat' dir='ltr'>exsiccati</span> <span class='ocrx_word' id='word_1_164' title='bbox 1585 1951 1742 2001; x_wconf 71' lang='lat' dir='ltr'>sunt,</span> <span class='ocrx_word' id='word_1_165' title='bbox 1777 1939 2145 1988; x_wconf 83' lang='lat' dir='ltr'>necessarium</span> 
     </span>
     <span class='ocr_line' id='line_1_26' title="bbox 551 2007 1959 2076; baseline -0.004 -18"><span class='ocrx_word' id='word_1_166' title='bbox 551 2022 687 2076; x_wconf 89' lang='lat' dir='ltr'>puto</span> <span class='ocrx_word' id='word_1_167' title='bbox 709 2025 920 2058; x_wconf 85' lang='lat' dir='ltr'>nomen</span> <span class='ocrx_word' id='word_1_168' title='bbox 948 2009 1160 2055; x_wconf 76' lang='lat' dir='ltr'>Linnaei</span> <span class='ocrx_word' id='word_1_169' title='bbox 1182 2007 1417 2069; x_wconf 81' lang='lat' dir='ltr'>rejicere.</span> <span class='ocrx_word' id='word_1_170' title='bbox 1954 2030 1959 2031; x_wconf 25' lang='grc' dir='ltr'><em>ν</em></span> 
     </span>
    </p>

    <p class='ocr_par' dir='ltr' id='par_1_4' title="bbox 491 2074 2141 2277">
     <span class='ocr_line' id='line_1_27' title="bbox 491 2074 2141 2142; baseline -0.004 -15"><span class='ocrx_word' id='word_1_171' title='bbox 491 2087 601 2142; x_wconf 73' lang='lat'>124.</span> <span class='ocrx_word' id='word_1_172' title='bbox 643 2075 1016 2126; x_wconf 80' lang='lat' dir='ltr'>GENTIANA</span> <span class='ocrx_word' id='word_1_173' title='bbox 1053 2074 1281 2123; x_wconf 69' lang='lat' dir='ltr'>nivalis:</span> <span class='ocrx_word' id='word_1_174' title='bbox 1331 2075 1546 2123; x_wconf 88' lang='lat' dir='ltr'>corollis</span> <span class='ocrx_word' id='word_1_175' title='bbox 1571 2074 2141 2140; x_wconf 82' lang='lat' dir='ltr'>quinquefidisinfun-</span> 
     </span>
     <span class='ocr_line' id='line_1_28' title="bbox 681 2142 2140 2203; baseline -0.003 -10"><span class='ocrx_word' id='word_1_176' title='bbox 681 2144 1146 2203; x_wconf 79' lang='lat' dir='ltr'>dibuliformibus,</span> <span class='ocrx_word' id='word_1_177' title='bbox 1187 2142 1336 2191; x_wconf 84' lang='lat' dir='ltr'>fauce</span> <span class='ocrx_word' id='word_1_178' title='bbox 1357 2143 1507 2190; x_wconf 81' lang='lat' dir='ltr'>nuda</span> <span class='ocrx_word' id='word_1_179' title='bbox 1530 2144 1803 2190; x_wconf 81' lang='lat' dir='ltr'>denticulo</span> <span class='ocrx_word' id='word_1_180' title='bbox 1826 2144 2028 2190; x_wconf 88' lang='lat' dir='ltr'>laciniis</span> <span class='ocrx_word' id='word_1_181' title='bbox 2056 2143 2140 2189; x_wconf 89' lang='lat' dir='ltr'>in-</span> 
     </span>
     <span class='ocr_line' id='line_1_29' title="bbox 681 2209 2140 2277; baseline -0.003 -16"><span class='ocrx_word' id='word_1_182' title='bbox 681 2212 901 2276; x_wconf 82' lang='lat' dir='ltr'>terjecto</span> <span class='ocrx_word' id='word_1_183' title='bbox 919 2247 934 2271; x_wconf 96' lang='lat'><strong>‚</strong></span> <span class='ocrx_word' id='word_1_184' title='bbox 984 2211 1247 2272; x_wconf 83' lang='lat' dir='ltr'>calycibus</span> <span class='ocrx_word' id='word_1_185' title='bbox 1275 2212 1509 2259; x_wconf 85' lang='lat' dir='ltr'>carinato</span> <span class='ocrx_word' id='word_1_186' title='bbox 1525 2241 1547 2249; x_wconf 95' lang='lat'><em>-</em></span> <span class='ocrx_word' id='word_1_187' title='bbox 1562 2209 2140 2277; x_wconf 69' lang='lat' dir='ltr'>quinquangularibus,</span> 
     </span>
    </p>

    <p class='ocr_par' dir='ltr' id='par_1_5' title="bbox 683 2279 1692 2345">
     <span class='ocr_line' id='line_1_30' title="bbox 683 2279 1692 2345; baseline -0.01 -16"><span class='ocrx_word' id='word_1_188' title='bbox 683 2284 845 2329; x_wconf 82' lang='lat' dir='ltr'>ramis</span> <span class='ocrx_word' id='word_1_189' title='bbox 871 2282 1062 2345; x_wconf 79' lang='lat' dir='ltr'>sparsis</span> <span class='ocrx_word' id='word_1_190' title='bbox 1086 2279 1353 2326; x_wconf 82' lang='lat' dir='ltr'>unifloris.</span> <span class='ocrx_word' id='word_1_191' title='bbox 1688 2311 1692 2319; x_wconf 35' lang='lat' dir='ltr'>f</span> 
     </span>
    </p>

    <p class='ocr_par' dir='ltr' id='par_1_6' title="bbox 622 2342 2133 2552">
     <span class='ocr_line' id='line_1_31' title="bbox 622 2342 2133 2412; baseline -0.003 -14"><span class='ocrx_word' id='word_1_192' title='bbox 622 2349 684 2398; x_wconf 93' lang='lat' dir='ltr'>G.</span> <span class='ocrx_word' id='word_1_193' title='bbox 708 2350 902 2397; x_wconf 84' lang='lat' dir='ltr'>nivalis</span> <span class='ocrx_word' id='word_1_194' title='bbox 940 2345 1110 2396; x_wconf 82' lang='lat' dir='ltr'><em>Lz&#39;mz.</em></span> <span class='ocrx_word' id='word_1_195' title='bbox 1144 2363 1283 2395; x_wconf 61' lang='lat' dir='ltr'>suec.</span> <span class='ocrx_word' id='word_1_196' title='bbox 1322 2364 1379 2394; x_wconf 89' lang='lat' dir='ltr'>n.</span> <span class='ocrx_word' id='word_1_197' title='bbox 1407 2357 1522 2408; x_wconf 75' lang='lat'>251.</span> <span class='ocrx_word' id='word_1_198' title='bbox 1560 2344 1714 2412; x_wconf 82' lang='lat' dir='ltr'><em>lapp.</em></span> <span class='ocrx_word' id='word_1_199' title='bbox 1754 2363 1809 2394; x_wconf 91' lang='lat' dir='ltr'>n.</span> <span class='ocrx_word' id='word_1_200' title='bbox 1831 2356 1912 2409; x_wconf 86' lang='lat'>95.</span> <span class='ocrx_word' id='word_1_201' title='bbox 1984 2342 2133 2394; x_wconf 84' lang='lat' dir='ltr'>Flor.</span> 
     </span>
     <span class='ocr_line' id='line_1_32' title="bbox 760 2411 2132 2482; baseline -0.001 -18"><span class='ocrx_word' id='word_1_202' title='bbox 760 2414 894 2464; x_wconf 70' lang='lat' dir='ltr'>dem.</span> <span class='ocrx_word' id='word_1_203' title='bbox 945 2428 981 2463; x_wconf 89' lang='lat' dir='ltr'>t.</span> <span class='ocrx_word' id='word_1_204' title='bbox 1026 2429 1101 2476; x_wconf 86' lang='lat'>17.</span> <span class='ocrx_word' id='word_1_205' title='bbox 1175 2412 1347 2482; x_wconf 73' lang='lat' dir='ltr'>Engl.</span> <span class='ocrx_word' id='word_1_206' title='bbox 1385 2413 1497 2462; x_wconf 82' lang='lat' dir='ltr'>boc.</span> <span class='ocrx_word' id='word_1_207' title='bbox 1555 2426 1630 2462; x_wconf 61' lang='grc' dir='ltr'>ν’.</span> <span class='ocrx_word' id='word_1_208' title='bbox 1682 2426 1718 2462; x_wconf 88' lang='lat' dir='ltr'>t.</span> <span class='ocrx_word' id='word_1_209' title='bbox 1752 2414 1868 2478; x_wconf 85' lang='lat'><strong>896.</strong></span> <span class='ocrx_word' id='word_1_210' title='bbox 1948 2411 2132 2463; x_wconf 82' lang='lat' dir='ltr'>Froel.</span> 
     </span>
     <span class='ocr_line' id='line_1_33' title="bbox 755 2479 1634 2552; baseline -0.001 -20"><span class='ocrx_word' id='word_1_211' title='bbox 755 2496 909 2552; x_wconf 75' lang='lat' dir='ltr'>gent.</span> <span class='ocrx_word' id='word_1_212' title='bbox 947 2500 998 2548; x_wconf 89' lang='lat' dir='ltr'>p.</span> <span class='ocrx_word' id='word_1_213' title='bbox 1025 2491 1108 2544; x_wconf 70' lang='lat'>83.</span> <span class='ocrx_word' id='word_1_214' title='bbox 1189 2479 1388 2549; x_wconf 71' lang='lat' dir='ltr'>Zoega</span> <span class='ocrx_word' id='word_1_215' title='bbox 1428 2480 1634 2531; x_wconf 75' lang='lat' dir='ltr'>island.</span> 
     </span>
    </p>

    <p class='ocr_par' dir='ltr' id='par_1_7' title="bbox 550 2551 2136 2890">
     <span class='ocr_line' id='line_1_34' title="bbox 550 2551 2136 2615; baseline -0.003 -13"><span class='ocrx_word' id='word_1_216' title='bbox 550 2554 686 2603; x_wconf 70' lang='lat' dir='ltr'>Hah.</span> <span class='ocrx_word' id='word_1_217' title='bbox 711 2555 768 2600; x_wconf 91' lang='lat' dir='ltr'>in</span> <span class='ocrx_word' id='word_1_218' title='bbox 792 2552 1045 2599; x_wconf 86' lang='lat' dir='ltr'>lateribus</span> <span class='ocrx_word' id='word_1_219' title='bbox 1070 2551 1285 2600; x_wconf 84' lang='lat' dir='ltr'>declivis</span> <span class='ocrx_word' id='word_1_220' title='bbox 1312 2552 1554 2601; x_wconf 79' lang='lat' dir='ltr'>herbosis</span> <span class='ocrx_word' id='word_1_221' title='bbox 1579 2552 1787 2615; x_wconf 82' lang='lat' dir='ltr'>alpium</span> <span class='ocrx_word' id='word_1_222' title='bbox 1809 2551 2136 2599; x_wconf 86' lang='lat' dir='ltr'>svecicarum</span> 
     </span>
     <span class='ocr_line' id='line_1_35' title="bbox 618 2619 2135 2686; baseline -0.003 -18"><span class='ocrx_word' id='word_1_223' title='bbox 618 2623 822 2686; x_wconf 78' lang='lat' dir='ltr'>passim</span> <span class='ocrx_word' id='word_1_224' title='bbox 848 2623 1085 2684; x_wconf 81' lang='lat' dir='ltr'>copiose:</span> <span class='ocrx_word' id='word_1_225' title='bbox 1125 2619 1272 2666; x_wconf 83' lang='lat' dir='ltr'>unde</span> <span class='ocrx_word' id='word_1_226' title='bbox 1295 2620 1457 2666; x_wconf 85' lang='lat' dir='ltr'>etiam</span> <span class='ocrx_word' id='word_1_227' title='bbox 1483 2619 1628 2679; x_wconf 81' lang='lat' dir='ltr'>juxta</span> <span class='ocrx_word' id='word_1_228' title='bbox 1662 2619 1886 2666; x_wconf 78' lang='lat' dir='ltr'>flumina</span> <span class='ocrx_word' id='word_1_229' title='bbox 1921 2619 1979 2664; x_wconf 87' lang='lat' dir='ltr'>in</span> <span class='ocrx_word' id='word_1_230' title='bbox 2014 2635 2135 2682; x_wconf 87' lang='lat' dir='ltr'>pra-</span> 
     </span>
     <span class='ocr_line' id='line_1_36' title="bbox 618 2686 2132 2752; baseline -0.002 -16"><span class='ocrx_word' id='word_1_231' title='bbox 618 2691 685 2736; x_wconf 85' lang='lat' dir='ltr'>tis</span> <span class='ocrx_word' id='word_1_232' title='bbox 715 2690 953 2752; x_wconf 87' lang='lat' dir='ltr'>locisque</span> <span class='ocrx_word' id='word_1_233' title='bbox 977 2688 1299 2752; x_wconf 84' lang='lat' dir='ltr'>graminosis</span> <span class='ocrx_word' id='word_1_234' title='bbox 1336 2687 1612 2735; x_wconf 82' lang='lat' dir='ltr'>descendit</span> <span class='ocrx_word' id='word_1_235' title='bbox 1644 2703 1738 2751; x_wconf 89' lang='lat' dir='ltr'>per</span> <span class='ocrx_word' id='word_1_236' title='bbox 1768 2687 1973 2749; x_wconf 67' lang='lat' dir='ltr'>Partem</span> <span class='ocrx_word' id='word_1_237' title='bbox 2005 2686 2132 2733; x_wconf 89' lang='lat' dir='ltr'>sub-</span> 
     </span>
     <span class='ocr_line' id='line_1_37' title="bbox 620 2754 2132 2820; baseline -0.001 -16"><span class='ocrx_word' id='word_1_238' title='bbox 620 2758 939 2820; x_wconf 69' lang='lat' dir='ltr'>sylvaticanr</span> <span class='ocrx_word' id='word_1_239' title='bbox 971 2757 1260 2819; x_wconf 72' lang='lat' dir='ltr'>Lapponiae</span> <span class='ocrx_word' id='word_1_240' title='bbox 1293 2755 1543 2802; x_wconf 89' lang='lat' dir='ltr'>Lulensis</span> <span class='ocrx_word' id='word_1_241' title='bbox 1580 2766 1632 2803; x_wconf 88' lang='lat' dir='ltr'>et</span> <span class='ocrx_word' id='word_1_242' title='bbox 1666 2754 1896 2802; x_wconf 84' lang='lat' dir='ltr'>Pitensis</span> <span class='ocrx_word' id='word_1_243' title='bbox 1931 2756 2132 2817; x_wconf 87' lang='lat' dir='ltr'>passim</span> 
     </span>
     <span class='ocr_line' id='line_1_38' title="bbox 619 2822 1590 2890; baseline -0.002 -18"><span class='ocrx_word' id='word_1_244' title='bbox 619 2841 697 2873; x_wconf 80' lang='lat' dir='ltr'>ex.</span> <span class='ocrx_word' id='word_1_245' title='bbox 724 2842 798 2890; x_wconf 84' lang='lat' dir='ltr'>gr.</span> <span class='ocrx_word' id='word_1_246' title='bbox 823 2823 885 2871; x_wconf 82' lang='lat' dir='ltr'>ad</span> <span class='ocrx_word' id='word_1_247' title='bbox 910 2822 1210 2884; x_wconf 74' lang='lat' dir='ltr'>Tjakelvass</span> <span class='ocrx_word' id='word_1_248' title='bbox 1237 2834 1287 2870; x_wconf 90' lang='lat' dir='ltr'>et</span> <span class='ocrx_word' id='word_1_249' title='bbox 1312 2823 1590 2870; x_wconf 73' lang='lat' dir='ltr'>Lofmock.</span> 
     </span>
    </p>

    <p class='ocr_par' dir='ltr' id='par_1_8' title="bbox 541 2887 2154 3354">
     <span class='ocr_line' id='line_1_39' title="bbox 679 2887 2133 2955; baseline -0.002 -15"><span class='ocrx_word' id='word_1_250' title='bbox 679 2893 827 2940; x_wconf 85' lang='lat' dir='ltr'>Folia</span> <span class='ocrx_word' id='word_1_251' title='bbox 851 2903 1034 2950; x_wconf 76' lang='lat' dir='ltr'>ovata,</span> <span class='ocrx_word' id='word_1_252' title='bbox 1074 2901 1252 2948; x_wconf 80' lang='lat' dir='ltr'>acuta,</span> <span class='ocrx_word' id='word_1_253' title='bbox 1289 2907 1384 2955; x_wconf 85' lang='lat' dir='ltr'>per</span> <span class='ocrx_word' id='word_1_254' title='bbox 1419 2902 1600 2938; x_wconf 87' lang='lat' dir='ltr'>totum</span> <span class='ocrx_word' id='word_1_255' title='bbox 1623 2887 1830 2936; x_wconf 85' lang='lat' dir='ltr'>caulem</span> <span class='ocrx_word' id='word_1_256' title='bbox 1864 2903 2036 2952; x_wconf 85' lang='lat' dir='ltr'>usque</span> <span class='ocrx_word' id='word_1_257' title='bbox 2067 2889 2133 2937; x_wconf 85' lang='lat' dir='ltr'>ad</span> 
     </span>
     <span class='ocr_line' id='line_1_40' title="bbox 548 2955 2131 3024; baseline -0.002 -16"><span class='ocrx_word' id='word_1_258' title='bbox 548 2960 741 3008; x_wconf 79' lang='lat' dir='ltr'>florem</span> <span class='ocrx_word' id='word_1_259' title='bbox 766 2961 1043 3024; x_wconf 81' lang='lat' dir='ltr'>aequaliter</span> <span class='ocrx_word' id='word_1_260' title='bbox 1067 2959 1355 3022; x_wconf 83' lang='lat' dir='ltr'>disposita,</span> <span class='ocrx_word' id='word_1_261' title='bbox 1395 2975 1421 3006; x_wconf 88' lang='lat' dir='ltr'>e</span> <span class='ocrx_word' id='word_1_262' title='bbox 1457 2973 1692 3022; x_wconf 85' lang='lat' dir='ltr'>quorum</span> <span class='ocrx_word' id='word_1_263' title='bbox 1726 2955 1897 3002; x_wconf 85' lang='lat' dir='ltr'>axillis</span> <span class='ocrx_word' id='word_1_264' title='bbox 1925 2959 2131 3018; x_wconf 84' lang='lat' dir='ltr'>passim</span> 
     </span>
     <span class='ocr_line' id='line_1_41' title="bbox 547 3023 2129 3092; baseline -0.002 -17"><span class='ocrx_word' id='word_1_265' title='bbox 547 3038 783 3092; x_wconf 83' lang='lat' dir='ltr'>surgunt</span> <span class='ocrx_word' id='word_1_266' title='bbox 812 3029 951 3076; x_wconf 84' lang='lat' dir='ltr'>rami</span> <span class='ocrx_word' id='word_1_267' title='bbox 990 3026 1214 3073; x_wconf 84' lang='lat' dir='ltr'>unissori</span> <span class='ocrx_word' id='word_1_268' title='bbox 1258 3026 1456 3073; x_wconf 84' lang='lat' dir='ltr'>foliosi.</span> <span class='ocrx_word' id='word_1_269' title='bbox 1549 3023 1726 3072; x_wconf 83' lang='lat' dir='ltr'>caulis</span> <span class='ocrx_word' id='word_1_270' title='bbox 1765 3033 1948 3069; x_wconf 85' lang='lat' dir='ltr'>tamen</span> <span class='ocrx_word' id='word_1_271' title='bbox 1984 3025 2129 3072; x_wconf 86' lang='lat' dir='ltr'>haud</span> 
     </span>
     <span class='ocr_line' id='line_1_42' title="bbox 544 3090 2129 3157; baseline -0.003 -13"><span class='ocrx_word' id='word_1_272' title='bbox 544 3112 662 3144; x_wconf 83' lang='lat' dir='ltr'>raro</span> <span class='ocrx_word' id='word_1_273' title='bbox 687 3094 973 3143; x_wconf 75' lang='lat' dir='ltr'>uniflorus.</span> <span class='ocrx_word' id='word_1_274' title='bbox 1013 3094 1133 3141; x_wconf 91' lang='lat' dir='ltr'>Flos</span> <span class='ocrx_word' id='word_1_275' title='bbox 1156 3092 1334 3156; x_wconf 78' lang='lat' dir='ltr'>major</span> <span class='ocrx_word' id='word_1_276' title='bbox 1356 3110 1519 3157; x_wconf 85' lang='lat' dir='ltr'>quam</span> <span class='ocrx_word' id='word_1_277' title='bbox 1547 3094 1602 3139; x_wconf 85' lang='lat' dir='ltr'>in</span> <span class='ocrx_word' id='word_1_278' title='bbox 1630 3101 1905 3153; x_wconf 86' lang='lat' dir='ltr'>sequente.</span> <span class='ocrx_word' id='word_1_279' title='bbox 1964 3090 2129 3155; x_wconf 81' lang='lat' dir='ltr'>Calyx</span> 
     </span>
     <span class='ocr_line' id='line_1_43' title="bbox 544 3159 2126 3226; baseline -0.006 -16"><span class='ocrx_word' id='word_1_280' title='bbox 544 3164 1040 3226; x_wconf 84' lang='lat' dir='ltr'>quinquedentatus</span> <span class='ocrx_word' id='word_1_281' title='bbox 1061 3161 1149 3209; x_wconf 79' lang='lat' dir='ltr'>vel</span> <span class='ocrx_word' id='word_1_282' title='bbox 1172 3163 1262 3208; x_wconf 82' lang='lat' dir='ltr'>vix</span> <span class='ocrx_word' id='word_1_283' title='bbox 1285 3161 1348 3208; x_wconf 87' lang='lat' dir='ltr'>ad</span> <span class='ocrx_word' id='word_1_284' title='bbox 1371 3162 1621 3208; x_wconf 87' lang='lat' dir='ltr'>medium</span> <span class='ocrx_word' id='word_1_285' title='bbox 1652 3172 1823 3220; x_wconf 84' lang='lat' dir='ltr'>usque</span> <span class='ocrx_word' id='word_1_286' title='bbox 1857 3159 2126 3223; x_wconf 89' lang='lat' dir='ltr'>quinque-</span> 
     </span>
     <span class='ocr_line' id='line_1_44' title="bbox 542 3226 2122 3294; baseline -0.002 -16"><span class='ocrx_word' id='word_1_287' title='bbox 542 3232 702 3289; x_wconf 80' lang='lat' dir='ltr'>fidus,</span> <span class='ocrx_word' id='word_1_288' title='bbox 741 3231 1054 3294; x_wconf 85' lang='lat' dir='ltr'>angulatus:</span> <span class='ocrx_word' id='word_1_289' title='bbox 1096 3229 1309 3293; x_wconf 82' lang='lat' dir='ltr'>angulis</span> <span class='ocrx_word' id='word_1_290' title='bbox 1335 3226 1882 3283; x_wconf 85' lang='lat' dir='ltr'>submembranaceis‚</span> <span class='ocrx_word' id='word_1_291' title='bbox 1912 3238 2122 3274; x_wconf 82' lang='lat' dir='ltr'>exstan-</span> 
     </span>
     <span class='ocr_line' id='line_1_45' title="bbox 541 3294 2154 3354; baseline 0 -10"><span class='ocrx_word' id='word_1_292' title='bbox 541 3300 715 3354; x_wconf 77' lang='lat' dir='ltr'>tibus:</span> <span class='ocrx_word' id='word_1_293' title='bbox 755 3298 1010 3346; x_wconf 82' lang='lat' dir='ltr'>dentibus</span> <span class='ocrx_word' id='word_1_294' title='bbox 1038 3297 1124 3346; x_wconf 84' lang='lat' dir='ltr'>vel</span> <span class='ocrx_word' id='word_1_295' title='bbox 1146 3296 1355 3344; x_wconf 84' lang='lat' dir='ltr'>laciniis</span> <span class='ocrx_word' id='word_1_296' title='bbox 1381 3295 1699 3352; x_wconf 78' lang='lat' dir='ltr'>attenuati8‚</span> <span class='ocrx_word' id='word_1_297' title='bbox 1737 3294 1956 3354; x_wconf 73' lang='lat' dir='ltr'>erectiS,</span> <span class='ocrx_word' id='word_1_298' title='bbox 1993 3294 2122 3344; x_wconf 86' lang='lat' dir='ltr'>sub·</span> <span class='ocrx_word' id='word_1_299' title='bbox 2142 3316 2154 3318; x_wconf 56' lang='lat'><em>⁷</em></span> 
     </span>
    </p>
   </div>
  </div>
 </body>
</html>
