2194 3893
467 308 541 360 2ss
742 265 743 268 ¹
971 372 989 379 α
1059 274 1525 381 Tamis-omli,

458 432 550 494 44.
587 427 893 480 ARUNDO
916 431 1146 497 stricta:
1182 428 1432 492 panicula
1454 429 1630 477 stricta
1646 463 1662 489 ,
1701 431 1966 493 calycibus
1990 447 2113 480 acu-

665 500 756 558 tis,
780 500 936 546 arista
960 497 1114 545 tenui
1139 496 1238 543 sub
1263 497 1405 561 apice
1427 497 1623 544 inserta
1652 500 1911 550 corollam
1936 499 2114 548 subae-

658 577 891 631 quante‚
926 565 1050 630 pilis
1082 563 1280 612 corolla
1306 564 1661 612 brevioribus.

597 645 666 696 A.
719 646 896 696 stricta
944 643 1141 694 Timm.
1181 645 1242 691 in
1281 641 1452 693 Roth.
1500 662 1552 693 n.
1592 642 1771 696 Beicr.
1820 664 1864 695 ι.
1908 666 1962 714 p.
2002 653 2112 708 1¹8·

684 710 1112 778 [Schradstor.
1133 728 1312 779 germ.
1342 729 1383 759 1.
1407 730 1458 776 p.
1483 723 1597 775 215.
1625 725 1662 762 t.
1687 721 1735 776 4.
1761 715 1795 762 f.
1819 724 1869 777 5.

593 795 664 849 A.
693 798 935 861 neglecta
972 791 1153 842 Elzrlz.
1179 792 1358 860 beytr.
1384 794 1432 840 6.
1457 810 1508 858 p.
1542 805 1650 856 137.
1908 852 1914 857 .

594 871 644 919 β.
670 862 1013 931 angustata:
1060 862 1308 927 panicula
1346 859 1590 927 elongata
1628 860 1847 922 lineari,
1894 861 2114 912 floribus

728 931 1040 978 linearibus.

595 1016 646 1053 ’γ-
685 1001 1042 1064 interrupta:
1096 998 1344 1063 panicula
1368 996 1685 1062 cylindrica‚
1732 998 1994 1049 fasciculis
2027 999 2116 1057 in-

733 1067 1024 1115 ferioribus
1049 1068 1274 1114 remotis
1301 1066 1649 1130 conglobatis.
1921 1078 1923 1081 ·

525 1146 664 1196 Η31).
694 1147 825 1195 locis
852 1147 1100 1195 humidis
1124 1147 1413 1211 subapricis
1435 1163 1532 1211 per
1551 1157 1759 1211 partem
1784 1147 2116 1209 sylvaticam,

593 1215 1016 1279 subsylvaticam
1057 1226 1110 1263 et
1141 1215 1484 1280 subalpinam
1519 1216 1776 1262 omnium
1815 1217 2115 1281 Lapponia-

591 1299 721 1331 rum
744 1285 1076 1332 svecicarum
1100 1277 1306 1348 ubique
1332 1282 1665 1346 frequenter:
1704 1293 1766 1329 ut
1786 1293 1839 1330 et
1861 1284 1918 1329 in
1949 1283 2116 1330 infer-

591 1351 788 1416 alpinis
813 1352 1054 1416 locisque
1074 1350 1333 1415 depressis
1359 1352 1650 1398 maritimis
1683 1352 1849 1399 totius
1871 1350 1908 1397 F
1911 1352 2143 1398 imum--

591 1420 697 1467 kiae
752 1426 805 1468 et
845 1419 1197 1467 Nordlandiae
1238 1419 1459 1485 ubique.
1549 1418 1718 1483 Supra
1757 1417 2010 1467 Betulam
2054 1420 2114 1467 in

591 1487 803 1551 alpibus
828 1488 919 1535 vix
944 1486 1237 1535 adscendit.
1268 1525 1272 1527 ,

591 1578 640 1622 β.
664 1569 726 1615 ad
749 1568 970 1634 paludes
991 1567 1143 1629 juxta
1166 1568 1465 1620 Enontekis
1487 1566 1619 1615 lecta
1657 1577 1737 1615 est
1769 1577 1823 1615 et
1865 1587 1914 1622 γ.
1945 1567 2010 1616 acl
2042 1569 2114 1616 ri-

590 1652 684 1704 pas
707 1637 1011 1685 fluviorum
1034 1637 1218 1700 paucis
1244 1635 1373 1682 locis
1400 1636 1528 1681 visa.

659 1720 792 1766 Tota
816 1717 1064 1782 panicula
1100 1717 1390 1779 insigniter
1420 1714 1663 1779 pallescit
1693 1714 1781 1763 vel
1818 1716 2000 1778 poti-us
2021 1715 2113 1762 fla-

523 1802 749 1836 vescens
779 1786 1078 1850 reperitur,
1122 1800 1222 1831 nec
1255 1784 1364 1830 nisi
1401 1794 1524 1830 ante
1559 1782 1951 1837 florescentiam
1995 1799 2113 1831 raro

523 1855 878 1902 caerulescens
923 1863 1002 1900 est
1059 1850 1337 1914 (tuncque
1370 1850 1625 1898 Melicam
1659 1850 1940 1898 caeruleam
1971 1850 2115 1899 haud

521 1923 690 1970 anale-
713 1919 927 1982 refert).
964 1941 967 1943 ·
1019 1918 1277 1966 Panicula
1323 1919 1503 1965 stricta
1534 1928 1670 1977 recta
1707 1915 1804 1977 (ut
1833 1920 1994 1966 etiam
2031 1929 2138 1966 to-·

520 2001 649 2038 tum
677 1987 970 2054 gramen),
1016 1987 1183 2034 ramis
1218 1986 1329 2033 suis
1368 1984 1678 2049 patentibus
1719 1986 1909 2034 strictis
1942 2002 2111 2050 angu-

521 2059 660 2106 stius
684 2055 1034 2122 pyramidata.
1108 2053 1288 2102 Flores
1311 2055 1554 2101 minores
1581 2069 1746 2116 quan-1
1767 2055 1827 2100 in
1851 2054 2109 2121 omnibus

523 2127 753 2184 caeteris,
779 2122 1164 2189 magnitudine
1187 2122 1279 2168 vix
1292 2121 1502 2168 Melicae
1529 2120 1767 2168 caeruleae
1779 2133 2112 2187 superantes,

520 2194 849 2259 plerumque
873 2191 1039 2240 clausi
1076 2190 1214 2250 (nec
1234 2199 1296 2236 ut
1317 2190 1378 2236 in
1409 2189 1610 2237 caeteris
1646 2188 1714 2237 ob
1753 2189 1933 2237 lanam
1964 2192 2109 2255 copi·

520 2277 675 2309 osam
703 2276 917 2325 semper
939 2257 1164 2325 aperti).

449 2369 536 2427 45.
572 2360 882 2411 ARUNDO
916 2356 1512 2428 psevdophrczgmices:
1559 2341 1810 2424 panicula
1835 2357 1979 2417 laxa,
2028 2375 2107 2406 ca-

654 2430 866 2494 lycibus
900 2430 1257 2488 acuminatis,
1308 2429 1463 2476 arista
1508 2426 1705 2475 dorsali
1755 2437 1890 2475 recta
1935 2428 2107 2474 corol-

654 2499 769 2546 lam
792 2508 1069 2562 aequante,
1107 2498 1227 2560 pilis
1251 2496 1448 2544 corolla
1470 2495 1826 2560 longioribus.

536 2599 539 2601 >
585 2564 652 2615 A.
677 2565 1220 2632 pseudophragmites
1246 2560 1489 2612 Sclzmd.
1509 2573 1881 2630 germ.p.213.
1894 2572 1930 2609 t.
1942 2569 1991 2624 4.
2007 2562 2042 2611 f.
2057 2574 2106 2626 5.

517 2647 656 2696 Hab.
693 2663 788 2712 per
817 2657 1028 2712 partem
1060 2646 1378 2709 sylvaticam
1412 2646 1709 2709 Lapponiae
1757 2644 1957 2709 passim
2001 2643 2106 2692 fre-

587 2726 821 2779 quenter
847 2716 906 2763 in
935 2714 1165 2761 collibus
1194 2714 1708 2777 campisquesiccis,
1753 2711 1949 2760 iisdem
1974 2711 2106 2760 locis

584 2799 641 2830 ac
666 2780 745 2830 A.
771 2781 1052 2849 sylvaciea
1077 2797 1306 2830 crescere
1333 2781 1633 2829 debuisset..

646 2864 901 2911 Panicula
935 2864 1099 2911 densa
1135 2864 1259 2911 satis
1296 2862 1458 2926 plena
1499 2861 1566 2909 ob
1612 2861 1765 2910 flores
1807 2860 2101 2920 crassiores,

515 2930 666 2978 unde
692 2947 808 2978 non
832 2932 976 2980 male
998 2930 1354 2994 Phragmitidi
1387 2930 1673 2977 assimilata
1695 2928 1814 2976 fuit.
1896 2925 2102 2977 Similis

515 3010 596 3046 est
628 3001 879 3064 sequenti
913 2999 1087 3064 quoad
1124 2999 1315 3046 faciem
1356 3008 1662 3056 externam,
1697 2995 1787 3044 sed
1821 2993 1886 3042 de
1911 3006 2100 3044 caetero

511 3083 710 3131 parum
787 3066 963 3115 affinis
1028 3066 1394 3130 facillimeque
1461 3064 1811 3130 distinguitur
1877 3061 2100 3111 fioribus

511 3136 693 3181 1111110
717 3135 998 3182 latioribus
1034 3135 1122 3182 vel
1158 3131 1506 3181 crassioribus
1540 3132 1648 3180 fere
1682 3141 1744 3178 ut
1772 3131 1829 3176 in
1867 3129 1934 3176 A.
1972 3128 2099 3196 lap-

509 3204 756 3267 pom'ccz,
809 3219 1046 3267 quacum
1082 3204 1247 3263 etiam
1282 3203 1578 3248 insertione
1612 3201 1783 3245 aristae
1826 3201 2098 3247 convenit.

511 3271 690 3317 imre:
720 3271 949 3333 majores
987 3287 1153 3334 quam
1189 3271 1247 3315 in
1283 3269 1485 3317 caeteris
1511 3267 1806 3333 plerisque,
1853 3267 2100 3330 primum

459 3346 461 3348 ·
510 3338 798 3400 πωὶαοεθε,
838 3340 963 3389 dein
990 3337 1336 3387 sufes-centes.
1990 3349 1995 3354 ·
