2194 3893
463 251 577 306 540
635 193 652 247 ;
984 229 1577 286 cRYPTOGAMIA.

664 365 766 414 Sed
791 365 1014 413 varietas
1045 370 1093 429 ff:
1132 363 1321 418 habitu
1356 372 1409 410 et
1442 361 1585 409 notis
1620 361 1765 408 haud
1800 362 2116 425 spernendis

534 434 689 483 valde
715 434 919 480 diversa
943 426 1174 479 videmr.'
1223 432 1324 478 Pro
1347 431 1599 478 varietate
1626 425 1950 490 Fissidencis
1969 442 2117 478 scru-

539 497 733 571 miferi
753 501 820 548 H.
848 510 998 546 antea
1023 499 1200 546 habita
1227 498 1359 556 fuit,
1418 514 1443 544 a
1484 512 1590 559 quo
1624 508 1816 563 praeter
1848 499 2119 562 capsulan1

540 573 684 620 foliis
710 567 999 616 linearibus
1025 568 1264 631 angustis
1289 565 1596 628 patentibus
1631 581 1702 611 ne
1735 564 1911 612 dicam
1943 563 2119 613 diver-

541 637 794 704 gentibus
833 645 970 683 certe
1002 634 1188 681 differt.
1270 633 1413 680 Folia
1450 632 1652 695 dupplo
1686 632 1928 696 longiora
1956 649 2120 697 quani

541 709 600 754 in
627 725 687 763 οι,
726 704 818 753 sed
847 702 1076 767 capsulae
1110 700 1356 762 ejusdem
1393 699 1499 746 fere
1522 701 1933 764 magnitudinis.
2003 699 2124 748 Seta

544 773 969 838 quadrilinearis.
1054 768 1281 834 Capsula
1326 768 1543 832 longior
1579 779 1632 815 et
1675 766 1858 816 dentes
1894 769 2122 832 peristo-

542 843 646 890 mii
669 841 899 887 latiores.

672 904 1009 972 Explicacio
1038 904 1247 952 iconis:
1297 919 1339 950 a.
1369 902 1422 950 b.
1460 918 1684 950 muscus
1711 903 1933 966 integer.
1973 901 2038 948 A.
2062 900 2123 948 Β.

543 976 719 1026 isdem
742 988 829 1036 7es
856 984 1060 1022 auctus.
1120 970 1178 1018 C.
1219 970 1437 1018 folium.
1486 971 1552 1018 D.
1578 972 1780 1018 Dentes
1805 970 2124 1033 peristomii.

475 1086 591 1143 598.
628 1071 1012 1125 DICRANUM
1037 1069 1506 1125 lzeceroma-llum:
1547 1071 1846 1117 caulescens
1875 1071 2128 1135 simplex,

680 1142 828 1190 foliis
877 1141 995 1187 basi
1026 1139 1260 1200 ‘dilatata
1304 1137 1862 1201 subamplectentibus
1912 1141 2128 1186 setaceis

681 1208 966 1266 secundis,
1024 1206 1236 1272 capsula
1283 1221 1478 1253 cernua
1520 1205 1815 1264 urceolam,
1875 1205 2129 1270 operculo

684 1288 929 1325 rostrato.

613 1348 681 1395 D.
708 1342 1133 1393 heteromallum
1168 1337 1365 1389 Hedw.
1389 1336 1670 1410 fundam.
1723 1357 1764 1404 ¹.-
1806 1351 1842 1388 t.
1866 1340 1950 1387 IX.
1990 1339 2025 1386 f.
2049 1337 2130 1401 56.

751 1409 924 1476 Scirp.
976 1421 1157 1477 crypt.
1211 1425 1253 1455 1.
1305 1409 1407 1457 tab.
1450 1407 1531 1457 26.
1629 1404 1796 1457 Web.
1852 1420 1907 1455 ec
1959 1404 2133 1457 Mohr

753 1491 935 1546 crypt.
973 1495 1025 1542 p.
1056 1493 1165 1541 ¹90·
1238 1473 1409 1543 Engl.
1438 1474 1549 1523 bot.
1588 1484 1663 1535 ¹8·
1703 1487 1737 1523 t.
1770 1488 1914 1538 1272.

549 1558 595 1605 β.
635 1549 848 1597 minus:
887 1546 1166 1610 gracilius,
1209 1543 1350 1592 foliis
1378 1545 1740 1591 mollioribus.

619 1619 688 1665 D.
713 1619 1018 1664 secundum
1053 1610 1264 1659 chzrcz
1292 1624 1402 1660 acc.
1429 1609 1650 1658 Seocklz.
1695 1621 1838 1677 1795.
1875 1617 1928 1676 p.
1953 1619 2074 1673 244.

614 1686 683 1732 D.
712 1683 1034 1731 subulatum
1069 1676 1264 1727 Hedw.
1290 1696 1437 1745 spec.
1485 1697 1537 1743 p.
1573 1684 1678 1735 128.
1729 1690 1763 1727 t.
1787 1687 1870 1742 54.
1916 1679 1951 1726 f.
1983 1697 2002 1726 1
2036 1709 2058 1718 -
2084 1687 2134 1740 5.

551 1751 688 1803 Hab.¹
713 1753 771 1800 in
798 1751 1032 1798 arenosis
1057 1748 1398 1811 inseralpinis
1423 1747 1771 1795 Nordlancliae
1802 1749 2135 1795 meridiona-

620 1821 718 1877 lis,
766 1838 811 1863 a.
850 1820 909 1864 in
941 1816 1250 1864 siccioribus
1286 1816 1506 1879 apricis,
1551 1822 1597 1869 β.
1635 1817 1694 1862 in
1728 1815 2135 1864 humidioribus

621 1886 918 1935 occultatis.

690 1955 752 2001 In
777 1955 895 2000 loco
926 1951 1091 1998 natali
1113 1961 1372 2013 utrosque
1397 1951 1493 1997 hos
1518 1965 1738 1998 muscos
1778 1951 1906 1998 adeo
1944 1950 2137 1998 confu-

557 2022 642 2071 sos
675 2023 876 2086 reperi,
923 2031 985 2066 ut
1016 2018 1230 2065 nullam
1268 2017 1630 2064 differentiani
1678 2029 1877 2065 certam
1912 2020 2140 2082 reperire

556 2091 730 2156 potui.
780 2088 1075 2149 Utriusque
1095 2085 1261 2132 Foliae
1287 2100 1455 2132 nervo
1482 2088 1767 2132 constituta
1797 2097 1925 2133 sunt
1949 2098 1998 2132 et
2024 2097 2138 2132 tan-

559 2171 682 2206 tum
726 2156 786 2203 acl
834 2155 984 2201 basin
1032 2153 1371 2217 marginibus
1415 2152 1842 2200 membranaceis
1883 2152 2140 2203 brevibus

557 2225 806 2291 praedita;
845 2223 934 2270 sed
958 2223 1015 2267 in
1054 2235 1097 2258 α·
1137 2236 1337 2266 nervus
1362 2220 1589 2265 validior
1614 2231 1663 2265 et
1697 2221 1824 2267 inde
1862 2220 1988 2267 folia
2020 2222 2142 2267 stri-

561 2295 740 2341 ctiora.
790 2289 1017 2354 Capsula
1031 2303 1252 2335 sursum
1282 2287 1493 2333 dilatata
1517 2289 1604 2335 vel
1630 2287 2139 2353 obovato-oblonga.

493 2406 608 2459 599.
646 2390 1035 2442 DlCRANL'M
1073 2384 1396 2435 Sclzreberz':
1435 2388 1735 2435 caulescens
1762 2389 2020 2453 simplex,
2060 2388 2141 2436 fo-

559 2486 563 2489 ·
698 2462 784 2508 liis
820 2460 934 2505 basi
971 2455 1456 2520 subvaginantibus
1493 2457 1774 2503 attenuatis
1816 2457 2142 2521 divergenti-

697 2528 798 2575 bus
814 2526 1057 2574 flexuosis
1074 2523 1488 2582 subenervibus,
1502 2523 1726 2587 capsulis
1742 2524 1975 2583 cernuis;
1992 2539 2146 2587 oper-

703 2594 1075 2643 culis·c‹›nicis.

586 2677 590 2682 ·
633 2665 701 2712 D.
748 2661 1203 2709 Schreberianuni
1258 2655 1454 2706 fledw.
1503 2674 1647 2724 spec.
1713 2675 1765 2724 p.
1810 2664 1922 2719 144.
1982 2667 2018 2704 t.
2060 2669 2142 2720 35.

773 2729 810 2775 f.
848 2726 880 2774 6
902 2756 924 2766 -
955 2744 1030 2774 11).

637 2799 704 2847 D.
729 2795 1006 2845 Schreberi
1050 2790 1260 2857 Swarc:
1296 2810 1466 2841 masc.
1500 2811 1637 2842 svec.
1675 2810 1736 2858 -Ρ,
1764 2799 1844 2852 88.
1885 2803 1920 2839 t.
1948 2805 1994 2840 2.
2035 2792 2070 2839 f.
2093 2790 2141 2840 6.

777 2860 940 2912 W'eh.
972 2873 1025 2908 ec
1047 2858 1220 2910 Molzr
1253 2873 1431 2927 crypt.
1458 2878 1634 2928 germ.
1672 2878 1722 2924 p.
1757 2868 1864 2920 185.

573 2934 713 2993 Hah.
745 2932 878 2979 locis
914 2931 1127 2993 irriguis
1163 2929 1512 2988 Norcllandiae
1545 2928 1885 2992 inseralpinae
1930 2937 1982 2975 et
2009 2928 2146 2993 Lap-

638 3002 821 3066 poniae.
849 2998 1114 3059 sylvaticae
1141 2999 1323 3044 rarius.

710 3067 968 3130 Sequenti
1007 3066 1177 3128 magis
1219 3060 1373 3112 affine
1420 3075 1498 3112 est
1542 3079 1706 3128 quam
1753 3063 1870 3126 quis
1908 3078 1937 3109 e
1966 3058 2146 3126 primo

574 3136 764 3186 habitu
794 3133 942 3180 facile
968 3133 1217 3179 crederet.
1273 3132 1485 3179 Surculi
1508 3129 1851 3195 longitudine
1875 3128 1980 3177 Fere
2004 3141 2148 3178 setae.

573 3205 720 3253 Folia
738 3202 850 3249 basi
872 3200 1027 3246 valde
1054 3199 1264 3246 dilatata
1291 3211 1342 3246 et
1366 3199 1683 3246 tenuissime
1716 3197 2150 3255 membra-nacea;

578 3272 808 3321 demum
830 3268 1048 3333 longius
1074 3277 1345 3315 attenuata
1379 3277 1433 3315 et
1465 3267 1661 3314 eximie
1699 3264 1944 3328 undique
1967 3268 2154 3329 squar-=
