2194 3893
690 203 1162 286 mummi.
1693 245 1767 299 25

182 363 283 419 bus
309 368 607 430 „panicula
636 362 921 431 capillar‘v'',
947 364 1164 411 excluso
1191 368 1503 427 syno‘nymo
1530 364 1602 412 Fl.
1626 382 1765 414 svec.

175 433 384 482 Exinde
407 449 552 500 patet
575 437 719 501 quod
742 449 966 499 gramen
996 432 1352 495 lapponicuni
1383 435 1498 496 ipso
1535 434 1771 481 dubium

175 501 313 560 fuit,
361 520 458 551 nec
491 503 823 568 sperandum
858 512 938 549 est
969 499 1114 564 quod
1160 515 1261 546 nos
1297 517 1393 563 pro
1431 513 1572 549 certo
1608 504 1769 550 extri-

178 585 364 617 cenius
408 575 578 636 ipsius
613 572 793 620 dubia.
865 570 927 618 In
962 569 1195 631 praelect.
1232 568 1345 614 ord.
1384 579 1494 615 nat.
1553 587 1604 633 p.
1659 578 1766 630 147.

174 633 256 686 A.
284 640 619 705 capillarem
644 640 910 690 exoticam
935 635 1083 684 dixit.
1157 635 1400 682 Manebit
1424 637 1603 700 itaque
1628 638 1768 685 illud

176 721 529 771 synonymon
555 706 1044 771 Florae-lapponicae
1069 720 1284 767 semper
1315 703 1629 751 obscurum.

106 779 191 835 ἐμ.
238 774 586 826 AGROSTIS
645 773 874 844 algida:
944 773 1116 835 calyce
1174 771 1316 817 ovali
1374 771 1500 818 laevi
1548 773 1766 833 obtuso,

314 847 506 894 corolla
540 848 778 895 minima
809 841 1056 891 univalvi
1091 841 1328 899 mutica,
1387 838 1531 889 foliis
1566 841 1764 905 planis,

310 915 559 977 panicula
585 915 902 978 subspicata.

238 979 307 1044 A.
334 983 517 1047 algida.
572 981 791 1047 Plzipps
814 995 1033 1049 voyage
1058 976 1176 1028 bor.
1217 994 1268 1043 p.
1296 974 1438 1038 204?

241 1050 370 1098 Icon
398 1052 498 1099 tab.
526 1064 694 1099 nostr.
720 1053 755 1100 1.

168 1116 305 1166 Hah.
341 1120 396 1166 in
433 1120 706 1168 stillicidio
745 1134 895 1184 aquae
926 1117 1123 1165 nivalis
1163 1114 1224 1163 ad
1262 1115 1402 1163 latus
1436 1116 1760 1178 septentrio·

239 1187 360 1235 nale
385 1188 513 1253 alpis
541 1190 737 1246 Rasteg
754 1190 923 1236 kaisse
944 1183 1628 1242 Fin1uarch2ae.orientalis;
1663 1184 1760 1231 ubi

239 1255 370 1303 adeo
404 1261 464 1304 ab
499 1273 633 1321 aqua
675 1257 939 1304 inundata
975 1254 1081 1302 fuit
1117 1265 1180 1301 ut
1212 1254 1354 1317 spica
1379 1262 1595 1299 tantum
1622 1254 1759 1302 emi-

237 1325 380 1371 nuit.
453 1327 609 1374 Lecta
631 1325 828 1374 florens
858 1325 907 1390 d:
933 1336 1013 1383 27.
1039 1320 1147 1371 Juli
1176 1329 1324 1380 1802.

303 1393 493 1441 Parvas
531 1397 771 1458 caespites
820 1395 879 1440 in
916 1408 1049 1456 aqua
1088 1390 1289 1438 format
1336 1390 1438 1437 hoc
1485 1389 1761 1454 pusillum

166 1476 409 1526 gramen.
447 1463 523 1509 Ex
549 1479 658 1510 una
686 1462 858 1510 radice
881 1462 1124 1509 nascitur
1138 1474 1284 1507 unus
1302 1458 1502 1506 alterve
1515 1458 1757 1517 culmus,

165 1544 411 1579 unacum
435 1531 676 1578 stolones
703 1529 965 1578 nonnulli
991 1528 1195 1586 foliosi‚
1232 1528 1323 1574 vix
1349 1542 1474 1573 vero
1498 1527 1757 1590 perennis

167 1613 282 1646 esse
296 1597 528 1646 videtur.
568 1599 818 1646 Stolones
834 1598 978 1646 foliis
992 1612 1207 1661 semper
1217 1595 1389 1659 planis
1404 1596 1759 1642 instruuntur

164 1677 229 1712 ut
275 1667 508 1714 culmus.
580 1667 796 1732 Vaginae
849 1668 1111 1714 Foliorum
1147 1663 1469 1711 radicalium
1505 1662 1759 1710 culmum

161 1744 360 1799 tegunt
390 1751 563 1799 usque
598 1735 662 1782 ad
699 1734 990 1782 dimidiam
1023 1732 1140 1795 ejus
1173 1731 1562 1790 altitudinem,
1598 1742 1757 1794 atque

162 1801 298 1850 laxae
336 1815 492 1860 sunt3
551 1804 615 1851 de
653 1815 843 1851 caetero
890 1803 1108 1850 culmus
1155 1799 1370 1857 nudus,
1421 1800 1540 1847 sine
1589 1798 1755 1846 foliis.

160 1870 311 1918 Folia
336 1873 446 1937 ipsa
471 1887 686 1936 semper
710 1871 867 1934 plana
889 1867 1102 1930 (necin
1126 1872 1264 1916 sicco
1288 1869 1590 1931 specimine
1626 1883 1756 1914 con-

159 1939 348 1987 voluta
398 1939 711 2004 unquam),
783 1950 1029 2003 respectu
1061 1936 1427 1986 brevitudinis
1474 1935 1756 1983 latiuscula

158 2025 495 2073 quamquam
516 2010 609 2054 vix
630 2008 836 2067 lineam
857 2008 981 2066 lata,
1004 2009 1096 2053 vix
1117 2006 1377 2071 pollicem
1401 2005 1582 2069 longa,
1610 2004 1753 2051 mol-

155 2076 396 2136 lissima,
451 2077 795 2142 pallescentia
842 2076 930 2124 vel
969 2073 1394 2133 luteo-viridia,
1442 2073 1752 2119 laevissima.

155 2144 348 2193 Culmi
381 2145 841 2210 sesquipollicares
863 2144 952 2193 vel
982 2143 1320 2208 bipollicares
1338 2175 1354 2200 ‚
1403 2140 1546 2187 foliis
1570 2142 1662 2186 vix
1682 2140 1755 2186 al-

155 2216 318 2279 tiores
349 2217 418 2261 ita
436 2226 498 2262 ut
511 2217 669 2278 spicae
684 2223 901 2260 tantum
922 2214 980 2259 in
994 2211 1301 2276 caespitibus
1317 2209 1753 2273 supereminent,

152 2282 465 2341 laevissimi,
544 2294 754 2330 tenues.
855 2280 1114 2328 Panicula
1166 2279 1297 2326 adeo
1360 2288 1627 2325 contracta
1702 2288 1754 2324 et

155 2363 409 2400 coarctata
440 2362 501 2398 ut
532 2351 830 2414 subspicata
863 2349 966 2398 dici
997 2358 1273 2405 meretur,
1333 2362 1436 2395 nec
1470 2346 1610 2392 rami
1635 2343 1752 2407 ejus

152 2421 254 2468 sub
283 2420 617 2468 florescentia
643 2419 936 2483 divergunt
967 2433 1219 2482 unquam
1249 2415 1399 2462 unde
1436 2429 1651 2478 semper
1686 2413 1752 2459 li-

152 2490 331 2538 nearis
354 2488 442 2536 vel
467 2487 879 2549 subcylindrica.
958 2485 1120 2534 Rami
1151 2486 1209 2532 in
1233 2482 1452 2548 singulo
1486 2480 1749 2529 verticillo

150 2557 421 2622 paniculae
459 2556 640 2620 plures
688 2554 947 2619 quidem,
1021 2554 1114 2601 sed
1158 2552 1381 2610 breves,
1448 2549 1751 2614 pauciflori,

149 2627 341 2685 erecti,
389 2639 602 2689 semper
635 2623 935 2671 laevissimi.
1026 2623 1164 2669 Tota
1197 2621 1339 2685 spica
1384 2627 1418 2681 5
1447 2619 1656 2665 circiter
1686 2617 1749 2663 li-

150 2711 279 2743 neas
324 2694 504 2758 longa.
597 2691 775 2739 Flores
816 2691 1149 2750 minutiores
1194 2703 1361 2753 quam
1402 2689 1461 2734 in
1492 2685 1606 2733 ulla
1649 2684 1751 2733 alia

112 2804 119 2809 .
150 2764 328 2829 specie
357 2760 576 2810 boreali.
648 2757 853 2823 Calycis
883 2758 1117 2806 valvulae
1152 2771 1419 2822 perquam
1451 2753 1646 2801 molles
1687 2764 1750 2800 ut

150 2832 506 2880 exsiccatione
528 2828 928 2876 contrahuntur
950 2837 1004 2875 et
1025 2826 1264 2873 formam
1296 2839 1456 2871 suam
1489 2821 1753 2886 perdunt,

150 2916 251 2949 nec
284 2899 384 2948 sub
420 2897 634 2946 anthesi
666 2896 959 2960 divergunt
978 2905 1043 2942 ut
1074 2894 1134 2941 in
1170 2893 1373 2940 caeteris
1409 2889 1503 2938 sed
1525 2904 1748 2954 semper

149 2979 340 3018 erectae
373 2977 426 3015 et
456 2979 650 3031 parum
686 2974 884 3028 apertae
910 2973 1068 3019 sunt3
1108 2961 1173 3009 de
1196 2971 1389 3008 caetero
1415 2957 1594 3006 ovales
1613 2991 1631 3018 ,
1670 2968 1748 3006 te·

146 3039 467 3096 nuissimae‚
526 3033 850 3081 latescentes
884 3029 1224 3093 Subhyalinae
1243 3062 1260 3088 ‚
1318 3024 1560 3086 obtusaef,
1587 3062 1590 3063 ν
1617 3025 1748 3073 sub-

146 3105 415 3169 aequales,
474 3101 631 3149 valde
677 3114 929 3148 concavae
963 3109 1016 3147 et
1055 3098 1213 3145 nullo
1253 3095 1423 3144 modo
1465 3095 1746 3143 carinatae:

148 3169 377 3224 exterior
403 3168 805 3228 obtusiuscula,
841 3183 1012 3215 nervo
1034 3166 1289 3214 crassiore
1310 3163 1376 3211 acl
1410 3164 1621 3227 apicem
1654 3164 1747 3209 vix

145 3243 491 3307 pertingente
543 3237 802 3302 praedita3
867 3236 1097 3283 interior
1142 3233 1527 3290 obtusissima,
1573 3246 1744 3281 nervo

148 3311 303 3361 brevi
331 3307 560 3376 praedita
592 3317 646 3357 et
681 3316 793 3355 tota
822 3303 935 3356 fere
966 3302 1202 3369 hyalina.
1294 3299 1510 3351 Corolla
1536 3299 1743 3367 perexi-
