2194 3893
779 231 1053 286 Musei.

1635 254 1667 312 Οἱ,

1680 262 1748 312 ‘³3

152 369 354 407 ventur
371 394 385 418 ‚
427 359 575 410 unde
599 365 910 414 maturitate
936 367 1219 417 urceolatae
1241 371 1480 422 evadunt
1502 379 1746 442 capsulae.

151 424 492 491 operculum
543 429 954 494 planinsculum
1001 435 1232 484 rubrum
1290 437 1464 498 (dum
1517 448 1747 508 capsulae

146 494 326 543 adhuc
348 497 589 559 virent):
631 501 850 547 rostello
879 502 1152 562 subulam,
1193 505 1477 558 declinato.
1553 512 1742 580 Calyp-

144 564 227 626 tra'
251 565 629 629 grandiuscula
660 569 890 632 capsulis
917 570 1024 618 Fere
1049 571 1216 636 duplo
1244 574 1475 640 longior.

286 632 391 679 Ubi
418 649 550 697 aqua
577 637 842 684 continuo
872 638 1048 686 rivulo
1073 639 1261 688 defluit
1287 655 1420 691 setas
1443 649 1634 711 saepius
1661 667 1743 698 re·

141 700 256 763 peri
319 712 589 762 curvatas,
659 719 766 767 quo
805 715 948 753 statu
1007 703 1110 755 Gr.
1166 711 1531 775 rupz'lzcolam
1576 712 1671 765 W
1661 716 1740 764 eb.

141 766 372 816 exbibet.

71 908 190 965 570.
217 902 505 952 WEIQSIA
531 907 781 974 nigrim.-
819 909 968 958 caule
993 910 1245 977 elongato
1272 913 1619 977 dichotomo‚
1658 918 1736 966 fo-

277 971 362 1020 liis
392 973 631 1039 oblongo
648 1004 667 1014 -
689 979 979 1025 attenuatis
1005 982 1197 1043 sparsis
1214 1015 1231 1041 ,
1270 984 1499 1048 capsulis
1523 988 1735 1035 cernuis

279 1041 527 1089 ovalibus
545 1077 559 1101 ,
600 1045 856 1106 operculo
883 1046 1097 1095 obtuso.

203 1106 288 1155 W.
334 1111 529 1175 nigrita
579 1108 776 1160 Hedw.
825 1129 973 1180 spec.
1012 1132 1062 1179 p.
1100 1126 1182 1179 75.
1265 1113 1439 1184 Scirp0
1476 1133 1733 1190 crypcog.

142 1217 152 1231 .
339 1187 387 1239 5.
419 1178 522 1238 tab.
546 1191 576 1240 5
617 1214 629 1226 .
1068 1211 1071 1213 —

201 1242 469 1291 Grimrnia
498 1195 690 1311 nig9rita
718 1244 887 1316 Engl.
915 1248 1026 1297 boc.
1054 1248 1134 1299 26.
1164 1262 1199 1299 t.
1233 1257 1378 1315 1825.

135 1306 270 1359 Hah.
313 1313 371 1359 in
405 1313 655 1360 saltuosis
694 1318 923 1380 irrigatis
960 1336 1056 1381 per
1087 1319 1286 1369 radices
1321 1332 1373 1369 et
1406 1321 1564 1370 latera
1593 1323 1728 1372 infe·

199 1379 335 1442 riora
363 1380 572 1443 alpium
597 1382 1088 1448 Nordlanvdicamm
1114 1389 1282 1436 rarius
1309 1390 1523 1453 copiose
1545 1383 1623 1438 eit.
1655 1407 1726 1456 gr.

197 1447 257 1493 in
298 1447 502 1495 Onaset
539 1448 908 1509 Saltensium,
959 1453 1022 1499 ad
1061 1456 1430 1517 Lyngenfjord
1481 1458 1731 1522 pluribus

196 1514 358 1572 locis,
418 1515 476 1562 in
524 1517 789 1564 Trom'soa
824 1529 951 1575 etc.;
1001 1531 1064 1567 ut
1099 1523 1263 1568 etiam
1299 1524 1622 1573 Finmarkiae
1665 1527 1730 1574 ad

192 1582 446 1644 Kaafjord
471 1583 819 1644 Altensium,
859 1590 913 1633 et
938 1588 998 1634 in
1022 1600 1215 1637 monte
1240 1590 1422 1652 alpino
1456 1593 1726 1641 Harimat-

195 1652 352 1698 skaiti
396 1650 544 1713 juxta
589 1652 839 1711 Polmak3
892 1671 994 1703 nec
1031 1671 1147 1702 non
1183 1658 1298 1704 solo
1343 1661 1634 1722 spongioso
1669 1664 1727 1709 in

193 1729 343 1783 parte
366 1720 723 1783 subsylvatica
750 1723 1044 1786 Lapponiae
1069 1724 1466 1773 Enontekensis
1493 1728 1557 1774 ad
1583 1729 1727 1776 Kau-

192 1803 419 1835 navaara
458 1799 511 1836 et
553 1790 891 1837 Mustavaara
935 1792 1150 1855 copiose
1195 1792 1345 1841 lecta.
1437 1794 1726 1844 Aestivalis

194 1866 274 1903 est
296 1872 487 1904 mense
510 1859 724 1922 augusti
757 1869 1057 1906 maturans.
1788 1922 1792 1925 ἡ

262 1922 452 1971 Caules
484 1926 588 1971 cito
625 1937 874 1972 crescunt
907 1942 1081 1991 usque
1116 1926 1179 1974 ad
1205 1928 1615 1994 longitudinem
1641 1932 1723 1980 bi-

121 1991 439 2056 pollicarem
465 2003 517 2039 et
543 1992 682 2039 ultra
713 1993 991 2058 simulque
1026 1995 1340 2044 dichotome
1377 1998 1722 2061 dividuntur,

123 2060 574 2107 innovationibus
607 2060 870 2127 elongatis
905 2062 1225 2125 gracilibus,
1263 2065 1594 2115 -lutescentis
1633 2086 1719 2115 co·

120 2126 268 2174 loris.
332 2127 478 2174 Folia
505 2143 687 2191 parva,
712 2128 873 2192 triplo
902 2130 1010 2177 fere
1037 2130 1281 2178 breviora
1306 2150 1471 2197 quam
1495 2137 1553 2182 in
1580 2151 1720 2200 prae-

121 2195 379 2253 cedente,
427 2213 453 2242 e
490 2196 599 2243 basi
638 2195 920 2243 latiuscula
957 2213 1090 2244 mox
1123 2212 1428 2262 angustata,
1479 2214 1592 2250 tam
1638 2221 1718 2252 re-

113 2274 270 2322 ‚moto
315 2264 489 2329 posita
540 2275 602 2311 ut
648 2264 740 2310 vix
774 2280 830 2310 se
880 2265 1119 2312 invicem
1170 2277 1432 2332 tangunt,
1487 2272 1721 2320 siccitate

120 2333 266 2379 varie
301 2332 522 2379 distorta
559 2342 612 2379 et
648 2331 894 2395 crispula.
982 2331 1230 2398 Capsulae
1268 2336 1329 2382 ad
1357 2339 1720 2387 insertionem

115 2400 300 2447 subito
326 2399 604 2446 declinatae
626 2410 688 2446 ut
712 2400 1060 2447 horizontem
1087 2404 1404 2466 respiciunt,
1428 2408 1712 2471 insequilla-

116 2478 274 2528 terae,
311 2467 668 2524 abbreviatae,
709 2483 799 2514 ore
838 2478 1125 2516 contracto.
1214 2469 1552 2535 Operculum
1588 2491 1715 2522 con-

114 2552 322 2592 vexum
346 2538 461 2583 sine
489 2536 604 2582 ullo
622 2535 851 2601 apicum.
926 2535 1147 2584 Nomen
1172 2540 1382 2587 triviale
1409 2542 1470 2588 ab
1485 2539 1716 2591 H'edwl'-

109 2605 208 2671 gio
236 2604 424 2650 datum
447 2620 643 2668 parum
669 2604 1004 2651 conveniens
1033 2616 1129 2663 est,
1166 2623 1294 2653 cum
1318 2609 1494 2657 caules
1517 2614 1714 2675 saepius
1741 2618 1745 2619 ⁷

109 2674 232 2721 laete
255 2674 436 2720 virent
459 2683 509 2719 et
532 2671 762 2735 capsulae
787 2671 910 2737 plus
937 2673 1126 2721 minus
1153 2673 1314 2722 fuscae
1340 2689 1487 2726 sunt.

46 2820 160 2871 571.
209 2807 500 2856 WEISSIA
534 2808 781 2856 cirrata:
834 2807 983 2856 caule
1018 2809 1334 2870 subdiviso,
1392 2812 1536 2860 foliis
1567 2812 1711 2860 line-

251 2879 371 2926 ari·
395 2877 661 2924 subulatis
697 2877 927 2923 curvatis
963 2878 1196 2925 siccitate
1231 2879 1534 2938 tortilibus,
1594 2897 1713 2946 cap-

249 2945 366 2993 sula
392 2945 624 3007 oblonga
650 2955 851 3003 erecta,
892 2946 1134 3007 operculi
1161 2958 1334 2994 rostro
1367 2948 1617 3012 obliqua

112 3041 160 3067 a.
208 3014 481 3062 Grimmia
535 3013 796 3060 Dicksoni
862 3009 1032 3061 Turn.
1084 3014 1222 3078 spic,
1250 3030 1440 3065 omaso.
1492 3013 1709 3064 hibern.

317 3098 436 3146 pag.
476 3092 560 3141 2¹7.
1157 3082 1162 3087 ’

181 3150 410 3198 Mnium
438 3152 695 3197 cirratum
722 3144 893 3196 Lina.
921 3164 1067 3214 spec.
1090 3148 1274 3215 plcznc.
1298 3167 1350 3216 p.
1381 3149 1526 3213 1576.

178 3218 264 3265 W.
291 3219 519 3283 crispula
562 3213 758 3263 Hedw.
790 3233 936 3281 spec·
973 3234 1024 3281 p.
1047 3216 1130 3275 63.
1160 3231 1302 3267 t.·12.
1329 3219 1365 3266 f.
1397 3236 1437 3268 1.
1465 3246 1529 3256 —-
1550 3217 1598 3266 6.

49 3316 54 3319 ·
111 3299 158 3348 β.
193 3286 406 3350 capsula
460 3286 711 3337 subovali
764 3284 1095 3346 subterfluet,
1144 3286 1288 3337 foliis
1332 3287 1707 3338 subsecundis.

390 3375 393 3379 ·
1197 3356 1241 3403 X
1278 3368 1311 3404 2
