2194 3893
429 238 544 291 530
887 298 894 306 ο
937 216 1528 271 cRYPToGAMIA.

620 350 763 397 Mihi
786 351 936 414 quasi
958 349 1211 398 medium
1236 366 1348 398 esse
1369 350 1585 398 videtur
1617 352 1759 399 inter
1777 349 1864 399 Tr.
1891 345 2059 401 Zalm-

483 419 748 485 ginoszmz
802 428 853 466 et
904 414 989 464 Tr.
1039 433 1367 475 canescens;
1439 418 1567 466 adeo
1624 430 1687 465 ut
1737 422 1918 467 nescio
1978 425 2064 469 cui

481 484 1047 551 potiusjungendum.
1120 486 1283 533 Foliis
1314 487 1562 533 multum
1592 486 1929 534 brevioribus
1965 490 2062 536 sic-

480 555 635 603 citate
660 555 951 618 squarrosis
985 569 1011 599 a
1042 553 1376 617 praecedente
1401 554 1603 610 differt3
1654 566 1705 601 et
1730 556 1855 602 setis
1886 555 2059 619 longis

482 622 818 687 capsulisque
856 620 1154 682 majoribus
1199 622 1610 684 subcylindricis
1668 620 1762 669 Tr.
1791 617 2059 686 fascicu-

483 688 608 737 Iare
640 690 791 737 valde
825 689 1016 748 refert,
1072 690 1157 736 cui
1189 690 1354 737 etiam
1393 689 1580 736 habitu
1610 691 1927 754 proximum
1949 706 2062 738 esse

483 757 717 805 videtur.
789 757 925 806 Setae
949 756 1057 805 fere
1082 773 1298 822 semper
1323 773 1351 805 e
1377 760 1540 806 ramis
1573 757 1880 806 lateralibus
1916 773 2060 822 egre-

484 825 732 872 diuntur.

413 899 532 955 573.
580 890 1162 941 TRICHOSTOMUM
1188 888 1586 959 fasciculam:
1636 892 1787 940 caule
1835 892 2060 940 erectiu-

619 960 767 1008 sculo
794 962 1068 1009 ramuloso
1087 995 1101 1017 ,
1140 961 1361 1008 ramulis
1390 960 1722 1007 brevisshuis
1747 961 2059 1025 aggregatis,

618 1027 763 1075 foliis
790 1029 1400 1091 oblongo-acuminatis
1431 1028 1769 1074 imberbibus
1796 1029 2057 1092 margini-

619 1095 721 1142 bus
747 1096 1035 1154 revolutis,
1073 1095 1300 1153 capsulis
1329 1095 1764 1153 suhnylindricis.
2057 1105 2065 1108 '⁷

549 1163 640 1211 Tr.
676 1162 985 1211 fasciculare
1016 1159 1254 1210 Sclzrczd.
1290 1162 1468 1227 spicil.
1510 1160 1591 1208 61.
1674 1157 1872 1208 IIedw.
1911 1177 2057 1224 spec.

684 1246 854 1278 masc.
878 1248 931 1294 p.
962 1246 1072 1278 110.
1156 1227 1309 1278 Web.
1344 1242 1398 1276 ec
1432 1225 1605 1276 Molzr
1644 1241 1823 1296 crypt.
1851 1247 1900 1292 p.
1950 1241 2057 1288 ¹¹7·

685 1295 857 1365 Engl.
885 1296 997 1346 bot.
1036 1302 1115 1355 28·
1156 1309 1191 1345 t.
1226 1308 1378 1359 2005.
1463 1293 1851 1364 Sclzwaegriclz.
1886 1311 2056 1344 muse.

685 1365 872 1432 suppl.
913 1384 957 1413 1.
992 1383 1043 1430 p.
1079 1375 1185 1426 155.
1214 1377 1250 1413 t.
1275 1371 1356 1428 58.
1746 1412 1751 1415 c

547 1432 758 1496 Bryum
784 1435 1053 1482 lutescens
1077 1431 1269 1481 Dicks.
1296 1445 1477 1500 crypt.
1512 1492 1516 1497 .
1516 1429 1669 1500 fase.
1694 1439 1740 1494 4.
1768 1450 1821 1498 p.
1856 1439 1929 1490 ¹4·

548 1501 637 1551 Br.
684 1502 984 1567 hypnoides
1032 1531 1055 1541 -
1104 1531 1126 1541 -
1174 1502 1485 1550 fasciculare
1526 1503 1780 1566 alpinum
1836 1496 2054 1548 Dillen.

688 1588 742 1635 p.
765 1581 880 1630 570.
909 1581 943 1617 t.
966 1577 1047 1631 47.
1077 1570 1108 1617 f.
1138 1577 1219 1629 23.

482 1636 620 1685 Hah.
659 1639 718 1685 in
756 1638 1010 1686 lateribus
1049 1640 1274 1702 rupium
1310 1638 1538 1701 irrigatis
1585 1637 1859 1685 umbrosis
1895 1652 2060 1683 mon-

551 1707 696 1753 tium
720 1706 1176 1771 inferalpinorum
1202 1717 1253 1753 et
1291 1705 1351 1752 ad
1387 1706 1583 1752 radices
1616 1706 1824 1770 alpium
1859 1706 2061 1770 passim

549 1772 889 1838 frequentem
929 1790 1028 1821 nec
1052 1790 1166 1820 non
1193 1776 1251 1820 in
1283 1773 1510 1838 rupibus
1548 1773 1860 1821 elatioribus
1897 1787 2061 1819 mon-

549 1842 693 1888 tium
718 1842 1105 1904 sylvaticorum
1129 1843 1314 1888 rarius.

614 1909 762 1956 Folia
785 1910 1013 1956 siccitate
1040 1920 1146 1955 tota
1172 1909 1555 1971 apprimuntur
1588 1919 1651 1955 ut
1688 1910 1747 1955 in
1787 1907 2055 1955 Orrhotri-

481 1976 594 2024 chis
620 1977 920 2041 plerisque;
970 1991 1224 2024 summus
1259 1991 1452 2023 eorum
1485 1993 1617 2040 apex
1654 1977 2058 2025 obtusiusculus

482 2044 682 2091 viridis.
755 2044 891 2091 Setae
917 2046 1040 2090 satis
1069 2044 1279 2108 longae,
1320 2044 1542 2090 tortiles.
2017 2059 2022 2060 ⁷

414 2122 530 2176 579.
568 2109 1150 2159 TRICHOSTOMUM
1196 2127 1523 2158 canescens:
1572 2112 1719 2158 caule
1768 2123 1940 2158 erecto
1975 2126 2054 2157 ra·-

610 2179 832 2228 muloso
852 2213 865 2237 ,
917 2179 1060 2226 foliis
1092 2179 1762 2226 lanceolam-acuminatis
1799 2179 2054 2226 consertis

610 2248 846 2296 recurvis
874 2247 1095 2311 piliFeris
1114 2280 1128 2302 ‚
1169 2247 1396 2310 capsulis
1423 2246 1692 2310 oblongo·
1710 2248 1896 2294 ovatis.

548 2315 639 2365 Tr.
668 2331 949 2363 canescens
984 2311 1179 2361 Hedw.
1214 2315 1371 2378 stirp.
1413 2326 1592 2379 crypt.
1633 2326 1678 2376 3.
1711 2326 1748 2361 t.
1773 2326 1822 2376 5.
1893 2310 2050 2379 Spec.

686 2397 856 2430 muse.
881 2400 932 2447 p.
966 2400 980 2427 ι
998 2399 1015 2427 ι
1033 2400 1072 2430 ι.
1153 2377 1319 2430 Web.
1351 2393 1405 2429 ec
1425 2379 1599 2428 Molzr
1623 2393 1803 2448 crypt..
1828 2399 1879 2446 p.
1909 2380 2019 2429 116.

546 2449 755 2513 Bryum
781 2450 1081 2514 hypnoides
1107 2458 1151 2501 β.
1199 2447 1367 2497 Limz..
1392 2466 1528 2496 svec.
1552 2467 1606 2497 n.
1640 2462 1783 2512 1005.

545 2517 754 2583 Bryum
781 2519 1080 2582 hypnoides
1110 2519 1338 2566 hirsutie
1360 2534 1641 2566 canescens
1666 2520 1764 2566 et'e.
1834 2514 2052 2565 Dillen.

686 2601 854 2632 masc.
882 2603 932 2649 p.
957 2585 1072 2647 568.
1103 2596 1138 2632 t.
1160 2594 1243 2647 47.
1276 2585 1312 2633 f.
1340 2597 1419 2645 27.
1448 2585 1489 2633 B
1516 2615 1537 2623 -
1562 2587 1618 2632 E.

479 2652 617 2702 Hab.
646 2653 705 2700 in
729 2654 866 2700 saxis
905 2653 1282 2718 lapidibusque
1318 2653 1630 2702 siccioribus
1665 2652 1929 2716 sylvaticis
1959 2668 2054 2716 per

548 2722 849 2786 Lapponias
874 2724 1096 2768 svecicas
1127 2723 1350 2784 parcius.
1965 2728 1967 2731 '

615 2789 794 2837 Caulis
834 2786 997 2849 hujus
1033 2804 1149 2838 non
1187 2799 1405 2835 tantum
1442 2798 1643 2836 erectus
1683 2798 1789 2845 est,
1859 2802 2053 2834 verum

483 2857 647 2905 etiam
704 2866 839 2904 setas
897 2857 954 2903 in
1018 2856 1164 2920 apice
1220 2858 1356 2920 gerit
1404 2855 1577 2913 (dum
1621 2857 1679 2901 in
1746 2853 2051 2918 praeceden-

480 2924 627 2976 tibus
683 2920 1019 2989 plerumque
1065 2925 1203 2970 rami
1252 2922 1514 2970 fructiferi
1562 2922 1742 2982 sunt).
1829 2921 2051 2968 Ranmli

482 2992 668 3041 vestiti,
707 2992 848 3041 foliis
902 2990 1310 3039 confertissimis
1368 3005 1590 3039 summo
1634 2991 1779 3053 apice
1818 2989 2052 3051 capillari

481 3060 704 3124 hyalino
741 3059 830 3107 vel
853 3059 1074 3125 piliferis
1108 3057 1246 3116 (nec
1276 3059 1423 3123 apice
1454 3058 1638 3105 latiore
1668 3056 1930 3120 diaphano
1964 3057 2050 3102 in-

483 3128 696 3175 structis
720 3138 771 3174 et
794 3127 853 3173 in
886 3123 973 3174 Tr.
1000 3123 1296 3188 ericoide).

416 3201 533 3259 580.
571 3192 1151 3245 TRlCHOSTOMUM
1187 3188 1661 3241 heteroscz'clzum:
1698 3189 1845 3237 caule
1878 3200 2051 3237 erecto

620 3261 816 3323 diviso,
840 3260 984 3311 foliis
999 3260 1608 3311 lanceolam-attenuatis
1621 3259 1805 3308 erectis
1821 3262 2051 3306 sumini-
