2194 3893
475 187 588 250 356
992 178 1581 234 CRYPTOGAMIA.

533 312 667 361 Hab.
716 313 777 359 in
824 312 1026 361 fissuris
1070 315 1294 378 rupium
1324 313 1611 361 sicciorum
1645 323 1696 361 et
1731 312 1796 361 ad
1828 328 1949 362 saxa
1979 331 2102 364 um-

600 379 753 427 brosa
775 395 870 443 per
890 390 1099 444 partem
1121 381 1434 444 sylvaticam
1445 391 1495 428 et
1509 379 1891 445 inferalpinam
1903 385 2106 448 passim

598 448 826 511 copiose.

661 513 979 563 Stolonibus
1012 515 1190 580 longis
1228 526 1280 563 et
1320 515 1998 581 angustis‘longitudinem
2022 533 2102 566 se-

527 591 596 629 tae
626 582 718 628 vix
751 581 1064 631 cedentibus
1100 585 1373 641 innovat.
1410 593 1461 631 et
1496 583 1559 630 de
1594 593 1781 630 caetero
1827 589 1988 632 etiam
2023 601 2102 632 ra-

524 649 776 698 mulosus
801 661 895 698 est.
968 650 1114 698 Folia
1137 667 1163 698 e
1186 651 1464 698 latiuscula
1489 650 1600 697 basi
1621 652 1828 698 sensim
1850 667 2022 717 usque
2044 654 2103 700 in

525 718 735 781 apicem
757 728 1036 780 angustata
1060 730 1217 777 sunt,
1267 718 1627 767 erectiuscula.
1714 719 1869 767 Hisce
1902 722 2044 766 notis
2075 736 2102 767 a

523 785 798 832 similibus
815 782 894 834 D.
921 788 1126 834 virenti
1153 797 1204 834 et
1223 783 1302 833 D.
1326 784 1560 852 alpescrz'
1581 796 1716 834 certe
1732 787 2103 852 distinguitur,

527 850 723 917 quibus
746 852 876 902 folia
898 869 1130 920 superne
1153 854 1374 903 linearia
1397 864 1733 918 competunt.

975 1074 1171 1126 Heclwtssg.
1202 1086 1314 1127 spec.
1345 1087 1446 1131 pag.
1478 1071 1573 1114 126.
1858 1114 1861 1116 .

513 1141 1229 1190 Fructificationes
1265 1140 1468 1188 dioicae:
1505 1139 1830 1190 sterilis
1866 1140 2113 1207 capituliq

613 1206 790 1252 formis
827 1204 1118 1253 terminalis.

511 1267 552 1316 C
575 1285 602 1315 a
682 1287 703 1317 s
725 1267 794 1314 ul
816 1285 842 1313 a
890 1267 1190 1333 plerumque
1225 1283 1405 1314 cernua
1432 1265 1654 1332 obliqua.

603 1286 690 1379 [Pe
716 1349 740 1377 r
760 1329 775 1375 i
798 1347 820 1377 s
848 1342 868 1378 t
889 1348 918 1377 o
941 1349 991 1376 m
1016 1330 1083 1377 iu
1107 1349 1155 1376 m
1213 1328 1455 1396 simplex:
1499 1328 1735 1377 dentibus
1755 1327 1970 1377 sedecim
1991 1329 2099 1378 bre-

455 1440 473 1453 4
607 1392 837 1442 vim-ibus
866 1392 1048 1440 bifidis.

447 1481 563 1538 590.
600 1472 986 1522 DICRANUM
1010 1468 1348 1520 Sclcraderi:
1379 1473 1614 1520 caulibus
1640 1473 1824 1521 erectis
1852 1471 2098 1521 subdivi-

648 1542 754 1600 sis,
813 1539 955 1588 foliis
1005 1540 1407 1589 sublinearibus
1461 1540 1815 1589 subsecunclis
1863 1557 2096 1605 superne

649 1608 918 1657 serrulatis
944 1608 1346 1672 undulatisque.

579 1677 648 1726 D.
669 1676 946 1726 Schraderi
974 1673 1138 1725 Web.
1164 1687 1219 1723 et
1239 1672 1430 1724 rnolzr.
1448 1672 1721 1724 deutsclzl.
1737 1674 1894 1742 kryp.
1913 1693 1964 1741 p.
1984 1687 2095 1739 177.

714 1741 1100 1813 Schwoegrz‘clz.
1127 1760 1297 1793 masc.
1323 1742 1506 1808 suppl.
1540 1762 1582 1791 1.
1609 1761 1660 1809 p.
1692 1742 1801 1791 166.
1828 1754 1862 1792 t.
1877 1750 1969 1805 4¹·

577 1812 645 1860 D.
672 1813 1006 1860 undulatum
1027 1809 1264 1860 Sclzrad.
1290 1811 1468 1879 spicil.

509 1878 644 1928 Hah.
673 1882 728 1926 in
752 1881 901 1927 turfis
926 1881 1198 1944 paludum
1222 1882 1524 1945 spongiosis
1550 1896 1644 1944 per
1679 1890 1886 1944 partem
1919 1881 2092 1944 sylva-

578 1948 743 1995 ticam
769 1958 820 1995 et
843 1949 1262 2011 subsylvaticani
1290 1950 1453 1995 totius
1480 1950 1771 2011 Lapponiae
1792 1950 2012 2012 passim.

640 2016 811 2063 Totus
855 2031 1077 2063 muscus
1125 2017 1382 2063 onmium
1427 2015 1804 2078 fragilissimus
1843 2027 1898 2064 et
1937 2015 2091 2066 valde

507 2083 790 2130 scariosus.
865 2081 1046 2130 Caulis
1082 2079 1238 2146 stupa
1268 2079 1566 2130 radiculosa
1602 2079 1767 2131 crassa
1804 2083 2087 2133 obductus.

505 2150 654 2199 Folia
701 2151 897 2198 eximie
937 2150 1404 2208 fulvo-nitentia,
1460 2151 1632 2213 inagis
1665 2150 1884 2198 linearia
1926 2158 2121 2216 quain'

507 2220 570 2265 in
595 2220 795 2266 caeteris
813 2218 899 2266 vel
924 2217 1190 2282 aequalem
1215 2217 1322 2265 Fere
1345 2217 1695 2265 latitudinem
1718 2234 1888 2282 usque
1902 2235 2089 2268 versus
2147 2244 2153 2252 ¹

506 2287 717 2349 apicem
752 2287 1051 2344 servantia,
1102 2286 1276 2350 quoad
1313 2296 1581 2334 texturam
1615 2287 1965 2345 tenuissima,
2025 2299 2088 2335 ut

504 2354 800 2402 reticulum
848 2355 940 2400 vix
982 2355 1082 2400 sub
1121 2355 1477 2417 microscopio
1518 2352 1863 2411 discernitur3
1912 2370 2082 2403 nervo

452 2457 466 2474 .
505 2422 730 2484 quidem
770 2432 996 2485 angusto
1023 2421 1112 2468 sed
1147 2421 1513 2485 perevidenti,
1563 2431 1614 2468 et
1651 2437 1839 2470 versus
1877 2423 2087 2488 apicem

502 2489 842 2552 marginibus
868 2488 1145 2536 undulatis
1173 2489 1441 2536 serrulatis
1471 2492 1663 2536 cincto.

437 2564 553 2620 591.
588 2556 974 2604 DICRANUM
1009 2558 1361 2622 scoparium:
1401 2556 1641 2604 caulibus
1669 2558 1853 2605 erectis
1895 2557 2079 2605 subdi-

633 2625 791 2682 visis,
832 2623 975 2672 foliis
1003 2625 1586 2672 attenuato-subulatis
1618 2624 1868 2672 secundis
1903 2640 2078 2674 serru-

629 2692 780 2750 latis,
827 2692 1038 2756 capsula
1062 2692 1258 2740 clavata
1284 2710 1494 2740 cernua.
1743 2736 1762 2749 χ

567 2760 634 2808 D.
670 2761 978 2824 scoparium
1009 2756 1202 2806 Hedw.
1242 2777 1386 2825 spec.
1425 2777 1595 2808 muse.
1629 2776 1681 2825 p.
1724 2756 1831 2808 126.
1908 2755 2074 2809 Web.

707 2839 762 2873 ec
785 2824 958 2874 ssffolzr
981 2839 1160 2894 crypt.
1184 2844 1361 2894 germ.
1389 2846 1439 2892 p.
1473 2840 1581 2890 173.

566 2894 777 2958 Bryum
799 2898 1105 2962 scopariunr
1126 2893 1294 2944 Linn.
1320 2912 1458 2943 svec.
1482 2914 1537 2943 n.
1563 2906 1677 2960 995.

565 2962 654 3012 Br.
694 2964 1049 3022 reclinatum,
1102 2964 1242 3012 foliis
1280 2965 1477 3012 falcatis
1515 2975 1610 3011 etc.
1650 2959 1865 3011 Dillen.
1906 2978 2074 3012 muso.

702 3047 752 3094 p.
777 3041 889 3093 557.
916 3042 951 3078 t.
976 3031 1058 3091 46.
1088 3032 1122 3079 f.
1152 3030 1226 3079 16.
1249 3033 1314 3080 A.
1338 3032 1395 3081 B.
1421 3033 1485 3079 D.

496 3092 912 3167 se-suscescens:
952 3099 1517 3163 foliisangnsffioribus
1541 3097 2070 3147 secundo-curvatis.

563 3172 628 3219 D.
674 3168 990 3215 fuscescens.
1065 3165 1232 3216 'Im-n.
1283 3183 1453 3217 muse.
1498 3164 1713 3232 hibern.
1765 3177 1800 3214 t.
1844 3176 1891 3228 5.
1934 3166 1970 3214 f.
2026 3184 2068 3213 1.

699 3232 880 3286 Smiclz
903 3232 1030 3286 bric.
1054 3247 1102 3299 5.
1126 3253 1178 3302 p.
1212 3242 1357 3298 1204.
1932 3302 1983 3352 H
2017 3301 2048 3350 b

1987 3317 2012 3350 a
2057 3336 2067 3348 .
