2194 3893
406 270 515 324 152
953 250 1502 308 POLYANDRIA.

469 389 660 438 leviter
690 387 1047 452 emarginata‚
1086 401 1320 452 superne
1353 387 1655 433 introrsum
1676 383 1850 449 gibba.
1920 385 2053 436 Ger-

469 473 602 506 men
639 455 1284 521 oblongo-subovatum,
1322 453 1532 517 angulis
1568 463 1647 501 tot
1679 453 1883 501 obtusis
1920 466 2054 518 quot

467 526 736 589 stigmatis
760 523 921 572 radii:
959 534 1131 571 rostro
1157 522 1469 586 cylindrico.
1518 520 1723 584 Stigma
1748 522 1846 570 sub
1875 526 2054 588 prima

384 592 387 593 ⁷
466 588 801 641 florescentia
839 590 1286 657 planiusculum‚
1332 591 1392 637 in
1437 588 1592 651 lobes
1637 589 1822 637 decem
1866 603 2054 653 paten-

469 672 548 709 tes
581 662 918 725 perinsignes
947 660 1223 717 divisum,
1261 656 1439 723 quoad
1475 657 1834 704 substantiam
1866 674 2054 706 carno-

469 745 600 777 sum
639 729 727 777 vel
759 729 939 777 multo
974 728 1146 793 magis
1181 727 1532 791 sponsiosum
1571 740 1735 789 quam
1768 726 1827 772 in
1858 741 2054 791 praece-

417 833 419 837 »
469 796 667 855 dente,
703 812 1024 861 semperque
1055 795 1364 842 viridulum
1397 808 1499 842 nec
1531 808 1780 856 unquam
1801 793 2054 850 luteum3

469 875 594 931 post
632 864 1030 913 florescentiam
1071 863 1321 912 fuscescit
1364 872 1417 910 et
1459 862 1730 926 margines
1768 862 2055 909 reflectun-

423 981 425 986 .
467 943 588 992 tur,
626 943 689 979 ut
713 932 827 980 lobi
848 934 941 980 vix
964 941 1236 999 apparent.
1272 956 1341 965 -
1387 928 1472 977 Ob
1496 928 1854 978 substantiam
1879 929 2057 976 diver-

470 1016 588 1048 sam
622 1010 745 1048 tum
787 999 1055 1048 foliorum
1089 1016 1148 1048 ac
1183 999 1481 1065 stiginatiS,
1527 1012 1744 1046 necesse
1791 996 2058 1062 distingui

475 1067 634 1118 debet
659 1083 686 1114 a
707 1067 1059 1133 praecedente.
1665 1073 1667 1075 ’
1692 1066 1694 1068 ’

602 1155 817 1202 Mirum
863 1165 944 1202 est
977 1169 1145 1219 quam
1177 1153 1372 1201 multae
1404 1153 1603 1218 plantae
1649 1151 1970 1216 Lapponicae
2003 1161 2059 1200 et

468 1222 708 1271 Sibiricae
752 1223 810 1270 in
844 1222 1249 1288 Megapolitano
1293 1231 1615 1270 occurrunt:
1663 1236 1741 1268 ex.
1778 1235 1853 1283 gr.
1897 1219 2057 1268 Pedi-

468 1291 662 1339 cularis
689 1289 977 1356 Sceptrum
1000 1290 1338 1350 carolinum,
1375 1288 1566 1339 Betula
1587 1288 1846 1338 fruticosa
1870 1298 1969 1338 etc.

779 1402 1603 1486 ‘'ACONITUM.

460 1526 572 1569 Gen.
595 1525 744 1581 plant.
773 1524 844 1568 ed.
875 1523 1054 1569 Schreb.
1081 1539 1129 1567 n.
1158 1532 1258 1579 328.
1320 1524 1484 1566 Goertn.
1515 1522 1570 1564 de
1582 1521 1734 1579 fruct.
1759 1533 1800 1565 1.
1831 1536 1879 1579 p.
1904 1533 2005 1576 311.

1126 1593 1218 1638 tab.
1260 1592 1330 1647 65.

400 1703 517 1757 275.
553 1691 943 1744 ACONITUM
970 1676 1404 1763 Lycocconum:
1451 1690 1599 1739 foliis
1629 1690 1880 1755 palmatis
1908 1691 2058 1741 mul·
2115 1740 2120 1743 .

598 1762 760 1812 tifidis
784 1764 1016 1824 villosis,
1043 1761 1242 1810 cuculli
1268 1760 1465 1808 calcare
1489 1759 1781 1807 revoluto.

534 1828 602 1878 A.
626 1831 1001 1894 Lycoctonum
1030 1826 1196 1880 Linn.
1223 1843 1365 1878 svec,
1389 1843 1445 1876 n.
1473 1824 1592 1889 476.
1648 1825 1805 1892 Zapp.
1827 1844 1884 1876 n.
1907 1840 2024 1878 221.

470 1915 517 1942 οι.
555 1898 779 1958 floribus
805 1900 1064 1960 caeruleis.

533 1966 603 2014 A.
631 1967 1053 2031 septentrionale
1082 1961 1365 2015 W'lldezz.
1390 1979 1539 2029 spec·
1564 1976 1612 2012 2.
1635 1979 1689 2026 p.
1715 1972 1859 2026 1255.

529 2033 602 2082 A.
626 2035 1003 2098 Lycoctonum
1036 2032 1185 2082 Flor.
1214 2030 1348 2080 dan.
1374 2043 1409 2079 t.
1440 2043 1551 2094 125.
1613 2029 1796 2080 Gmel.
1823 2028 1977 2080 sibir.
2005 2036 2056 2094 4.

669 2119 723 2166 p.
751 2108 861 2167 189.
938 2097 1263 2169 Georgiifl.
1287 2097 1493 2149 bachal.
1519 2117 1571 2164 p.
1596 2112 1714 2149 220.

408 2214 413 2215 ⁷
467 2178 515 2226 β.
551 2169 778 2227 fioribus
804 2172 1217 2219 lutescentibus.

531 2236 600 2287 A.
623 2238 1007 2301 Lycoctonum'
1025 2233 1305 2289 Wllden.
1330 2252 1479 2302 spec.
1503 2248 1551 2285 2.
1576 2252 1629 2302 p.
1658 2246 1805 2300 1252.
1854 2232 2056 2301 Jacqlb.

676 2319 854 2355 auser.
887 2319 921 2355 t.
947 2316 1067 2369 580.

533 2372 601 2425 A.
623 2375 999 2436 Lycoctonum
1022 2375 1265 2431 luteum3
1302 2374 1364 2422 in
1398 2372 1595 2421 austria
1629 2381 1837 2438 sponte.
1909 2368 2059 2420 Bur-'-

670 2444 786 2492 seri
804 2446 863 2491 X.
891 2457 939 2492 2.
1003 2479 1014 2491 .
1906 2451 1911 2454 ’

533 2511 886 2574 Lapponibus
909 2455 1287 2581 ..fija-grase
1318 2509 1393 2570 (i.
1420 2524 1464 2558 e.
1492 2509 1726 2556 tonitrui
1748 2507 1965 2571 herba).

469 2598 602 2647 Hah.
627 2618 675 2645 οι.
701 2599 833 2646 locis
860 2599 1084 2648 occultis
1110 2600 1170 2646 in
1193 2597 1527 2661 inferalpinis
1561 2606 1614 2644 et
1644 2596 1755 2644 'sub
1790 2594 2057 2644 radicibus

534 2667 746 2731 alpium
770 2666 1127 2727 Nordlandiae
1143 2664 1522 2715 meridionalis
1547 2664 1778 2729 ubique3
1803 2674 1865 2711 ut
1891 2663 2057 2710 etiam

538 2735 599 2783 in
623 2734 960 2783 convallibus
993 2735 1296 2802 subalpinis
1322 2744 1374 2781 et
1396 2733 1457 2779 in
1482 2731 1835 2796 betuletisad
1856 2729 2057 2778 radices

536 2803 747 2866 alpium
792 2804 1199 2868 Lapponiarum
1241 2801 1576 2864 svecicarum
1607 2797 2058 2848 meridionalium

535 2872 758 2936 passim.
830 2872 947 2919 Var.
983 2879 1029 2925 β.
1062 2872 1121 2919 in
1160 2869 1411 2918 fruticeto
1444 2866 1509 2915 ad
1544 2868 1817 2927 Kirkivare
1848 2866 2055 2929 Lappo-

535 2940 649 2988 niae
673 2939 927 2988 Lulensis
948 2939 1084 3005 legi,
1122 2954 1252 2987 cum
1277 2954 1386 2986 var.
1410 2959 1457 2986 x.
1479 2935 1646 2983 simul
1665 2944 2011 2982 crescentem.

601 3026 764 3093 Quod
795 3028 913 3075 istae
947 3026 1070 3077 duae
1104 3027 1383 3074 varietates
1415 3023 1557 3079 nihil
1589 3022 1694 3070 nisi
1730 3019 1907 3068 colore
1941 3034 1968 3066 a
2004 3034 2058 3066 se

468 3094 716 3143 invicem
737 3094 999 3143 differunt
1022 3103 1188 3143 testor
1216 3109 1283 3141 ex
1304 3090 1617 3158 scrupulosa
1654 3089 2057 3151 comparatione

389 3196 396 3203 .·
470 3161 535 3208 ad
555 3162 837 3218 Kirkivare
858 3163 1125 3211 instituta.
1196 3162 1260 3210 In
1284 3159 1543 3209 ambabus
1578 3154 1705 3204 folia
1740 3165 1872 3202 sunt
1911 3153 2056 3216 ejus-

470 3228 596 3276 dem
632 3230 849 3295 figurae,
883 3240 949 3278 ut
988 3231 1154 3279 etiam
1192 3227 1453 3276 cucullus.
1543 3224 1721 3272 Flores
1752 3232 1804 3270 et
1834 3232 1942 3269 tota
1973 3238 2056 3271 ra-

471 3297 585 3345 chis
611 3296 808 3347 eodem
827 3297 999 3365 gradu
1021 3306 1146 3346 ante
1164 3295 1559 3345 florescentiam
1583 3290 1794 3339 villosae
1814 3299 1962 3338 sunt.
