2194 3893
826 245 1073 299 Muscr
1665 255 1780 312 545

270 380 328 430 Ρ.
362 380 747 445 yuccaefolium
797 377 977 428 Elzrlz.
1017 391 1197 447 crypt.
1247 396 1303 427 n.
1338 386 1454 443 214.
1528 373 1693 430 Web.
1733 391 1786 427 et

405 446 580 497 Molzr
606 461 784 516 crypt.
823 466 874 513 p.
901 462 1016 497 221.

267 516 325 567 P.
387 517 812 582 quadrangulare
859 518 1078 583 vulgare
1124 517 1294 565 Juccae
1344 515 1506 565 soliis.
1567 511 1786 565 Dillen.

405 602 456 650 p.
482 599 607 646 420.
649 598 682 633 t.
710 595 791 647 54
835 585 867 632 f.
900 603 940 633 1.
1017 607 1025 612 “

270 654 621 718 Lapponibus
660 651 926 702 Retomse.

203 720 338 768 Hab.
366 724 420 769 in
448 723 574 769 locis
599 722 882 786 uliginosis
908 733 959 770 et
990 720 1264 786 paludosis
1299 721 1485 786 paullo
1519 719 1791 768 fertiliori-

274 789 372 836 bus
400 789 537 850 (nec
563 790 832 849 exsuccis)
866 807 960 854 per
998 802 1206 855 partem
1230 789 1620 852 exteralpinam
1656 802 1796 853 prae-

269 859 462 905 sertim
483 858 795 921 sylvaticam
818 859 1068 921 vulgare,
1114 869 1176 905 ut
1199 859 1362 905 etiam
1399 859 1454 903 in
1482 856 1796 903 submariti-

269 927 378 973 mis
406 925 730 974 Finniarkiae
756 927 989 990 passin13
1039 926 1130 974 sed
1167 927 1224 972 in
1262 925 1600 972 convallibus
1637 923 1700 971 ad
1724 926 1797 971 ri-

270 993 430 1041 vulos
460 994 667 1058 alpinos
698 1010 834 1049 raro,
874 1006 925 1042 et
947 995 1006 1041 in
1029 995 1157 1058 ipsis
1185 993 1394 1058 alpibus
1422 992 1563 1040 haud
1586 995 1788 1039 visum.

333 1061 546 1109 Surculi
584 1073 646 1110 ut
670 1062 983 1126 plurimum
1019 1062 1223 1126 dupplo
1263 1061 1490 1125 triplove
1522 1061 1798 1126 longiores

207 1145 373 1193 quani
405 1132 460 1177 in
481 1130 909 1189 praecedentibus
935 1141 985 1177 et
1009 1130 1362 1194 sequentibus
1396 1129 1626 1176 duobus.
1699 1128 1803 1176 Fo-

206 1198 278 1244 lia
312 1213 484 1262 usque
526 1199 583 1244 in
609 1209 870 1246 extremas
897 1200 1166 1263 maroines
1203 1213 1422 1262 prorsus
1448 1213 1608 1261 opaca
1639 1207 1690 1244 et
1723 1197 1800 1243 le-

203 1266 327 1312 vius
365 1265 648 1324 serrulam,
704 1267 992 1330 insigniter
1016 1236 1357 1330 flivergentia
1400 1281 1470 1313 ne
1508 1266 1685 1312 dicam
1718 1281 1800 1311 re-

207 1344 423 1380 curvata
471 1344 522 1380 et
563 1349 871 1397 squamosa,
942 1334 1158 1397 longius
1217 1345 1486 1381 attenuata
1536 1348 1702 1397 quani
1745 1334 1805 1378 in

204 1401 564 1465 sequentibus
595 1402 888 1465 speciebus.
965 1393 1295 1465 Operculuin
1326 1413 1735 1448 niucronatum.

146 1465 268 1528 608.
305 1469 653 1516 POLYTRR
661 1469 822 1515 HUM
852 1464 1214 1536 s077nos.cm.
1285 1470 1501 1516 surculo
1550 1468 1809 1531 simplici,

345 1537 487 1584 foliis
551 1539 841 1584 attenuatis
899 1538 1123 1601 patulis:
1185 1537 1521 1602 marginibus
1572 1538 1640 1598 hy
1649 1536 1808 1583 alinis

345 1607 591 1661 serratis,
658 1605 885 1669 capsulis
942 1604 1191 1668 oblongis
1252 1604 1635 1669 quadrangulis
1683 1619 1811 1667 apo·

344 1674 447 1739 ph)
443 1675 502 1720 si
529 1672 765 1720 obsoleta
798 1674 1092 1719 instructis.

279 1742 339 1790 P.
377 1741 690 1788 formosum
739 1737 934 1788 Iiedw.
974 1756 1120 1804 spec,
1169 1757 1220 1805 p.
1247 1753 1332 1803 92.
1380 1739 1485 1787 tab.
1516 1756 1591 1801 19.
1633 1739 1667 1786 f.
1701 1756 1739 1786 1.
1767 1756 1811 1786 a.

416 1806 628 1873 Hoppe
689 1806 976 1856 casclzeszb.
1033 1815 1177 1867 1801.
1227 1825 1279 1873 p.
1328 1806 1439 1871 196.
1527 1803 1692 1857 lVeb.
1759 1818 1814 1854 ec

421 1873 599 1925 Mola*
623 1877 803 1942 crjjyc.
846 1895 893 1938 p.
913 1889 1026 1924 221.

287 1946 347 1994 Ρ.
404 1944 776 2010 pallidisetuni
847 1942 1008 1992 Funk
1067 1955 1251 2010 crypt.
1313 1940 1411 1994 des
1466 1941 1814 2010 Ficlzcelgeb.

420 2013 544 2059 fasc.
583 2023 630 2074 5.
670 2030 724 2061 n.
755 2023 837 2074 55.
1797 2035 1799 2037 >

280 2081 340 2129 P.
382 2090 728 2128 attenuatum
786 2077 1041 2129 Mezzzies
1088 2082 1149 2128 in
1188 2078 1481 2129 TransczCC.
1528 2077 1699 2128 Lina.
1760 2088 1810 2142 4.

418 2165 472 2213 p.
496 2161 578 2209 722.
621 2158 654 2194 t.
678 2150 724 2195 6.
769 2150 802 2196 f.
833 2163 878 2196 2.
955 2147 1123 2216 Engl.
1157 2146 1269 2196 hoc.
1314 2162 1390 2209 17.
1433 2162 1467 2196 t.
1502 2154 1650 2211 1198.

215 2218 354 2267 Hab.
391 2219 450 2264 in
500 2216 771 2278 sylvaticis
808 2218 1054 2264 humidis
1097 2218 1372 2265 umbrosis
1416 2234 1511 2282 per
1546 2216 1821 2265 Nordlan-

288 2286 440 2333 diam
471 2284 893 2332 meridionalem
919 2288 1139 2349 passim.

373 2352 517 2400 Folia
552 2354 610 2398 in
655 2354 752 2400 hac
785 2355 956 2416 specie
993 2355 1256 2399 omnium
1302 2349 1552 2400 affinium
1595 2351 1823 2416 pelluci-

220 2421 398 2479 diora,
451 2429 514 2465 ut
551 2435 667 2466 non
708 2432 924 2466 tantum
965 2422 1239 2484 margines
1289 2421 1383 2467 lati
1430 2421 1635 2482 hyalini
1672 2430 1825 2477 sunt,

219 2505 417 2537 verum
441 2488 607 2534 etiam
631 2490 770 2535 striae
797 2503 990 2552 sparsae
1028 2490 1082 2534 in
1121 2504 1289 2535 nervo
1322 2488 1485 2535 viridi
1511 2499 1823 2536 occurrunt.

222 2558 360 2606 Setae
399 2556 598 2603 eximie
631 2555 877 2617 pallidae,
927 2568 978 2603 et
1011 2556 1241 2620 calyptra
1278 2555 1384 2604 fere
1417 2558 1594 2604 nivea.
1679 2555 1827 2603 Folia

228 2623 667 2674 musciexsiccati
682 2624 738 2670 in
756 2639 888 2687 aqua
911 2623 1091 2670 multo
1116 2626 1286 2671 serius
1308 2626 1641 2672 reviviscunt
1664 2638 1832 2688 quam

224 2696 285 2741 in
328 2690 694 2757 praecedente,
753 2707 980 2756 eamque
1022 2691 1088 2738 ob
1135 2707 1352 2740 causam
1395 2688 1663 2740 difficilius
1710 2706 1829 2741 exa-

223 2763 533 2809 lnlnantur.

162 2829 284 2894 6›9
319 2825 838 2878 POLYTRICHUM
876 2829 1318 2876 aura-nciacum:
1368 2827 1584 2876 surculo
1619 2826 1833 2892 simpli-

361 2898 440 2956 ci,
480 2895 624 2943 foliis
655 2898 972 2944 attenuatis:
1021 2897 1361 2962 marginibus
1397 2895 1629 2959 hyalinis
1665 2911 1836 2943 serra-

363 2966 466 3022 tis,
505 2965 736 3028 capsulis
767 2965 1015 3012 ovalibus
1041 2965 1415 3029 subangulatis
1439 2964 1701 3028 apophysi
1736 2963 1837 3011 ob-

360 3032 530 3082 soleta
556 3033 853 3080 instructis.

200 3124 218 3129 -
295 3103 356 3153 P.
400 3102 781 3149 aurantiacum
830 3098 1044 3167 Hoppe
1089 3097 1379 3150 caschenb.
1446 3107 1595 3176 1802.
1661 3116 1716 3166 p.
1751 3104 1836 3162 44.

440 3178 494 3216 et
523 3174 672 3225 1800.
711 3186 764 3234 p.
800 3178 910 3231 151.

297 3237 359 3287 P.
392 3236 732 3301 longisetum
777 3232 990 3286 Suarcz
1042 3253 1215 3286 muse.
1263 3253 1402 3288 sveC.
1463 3254 1517 3303 p.
1554 3246 1669 3300 103.
1716 3246 1754 3285 t.
1787 3242 1839 3297 8.

438 3304 525 3369 fig.
570 3304 647 3354 16.
1222 3332 1225 3333 ⁷
