2194 3893
742 214 1027 270 'Muscn
1156 265 1161 269 .
1610 225 1728 280 539

202 351 243 397 J.
276 351 605 416 platyphylla
642 346 812 399 Limz.
837 367 987 416 spec.
1012 347 1196 416 plane.
1237 366 1290 414 p.
1317 344 1466 397 1600.
1556 341 1725 398 IVeh.

339 432 394 535 gc
416 417 590 467 silom·
611 431 790 486 crypt.
829 435 880 484 p.
905 430 1021 484 597.
1069 415 1242 484 Engl.
1270 414 1383 465 boc.
1429 429 1504 464 12.
1546 423 1724 479 t.-798.

379 504 489 536 ona.

198 553 505 605 Muscoides
529 572 886 621 squamosum
909 555 1161 605 medium
1186 564 1283 605 etc.
1331 548 1564 601 Miclzel.
1592 565 1722 619 gen.

341 640 456 690 pag.
490 641 566 672 10.
608 627 710 672 tab.
737 623 783 673 6.
828 625 860 672 f.
888 632 936 685 4.

202 690 615 740 Lichenastrum
655 690 870 741 Dillen.
898 709 1067 740 masc.
1106 696 1158 756 p.
1186 701 1302 752 501.
1342 701 1379 736 t.
1406 701 1487 751 72.
1528 688 1562 734 f.
1588 699 1669 748 52.

133 758 267 807 Hab.
295 762 436 807 inter
457 777 673 809 muscos
708 763 763 808 in
804 761 1030 826 rupibus
1063 761 1342 823 sylvarum
1374 756 1723 820 inferalpina-

204 844 331 875 rum
358 829 706 876 Nor-‹llandiae
729 832 946 893 passim.
1358 852 1362 855 ·

264 897 327 943 In
349 899 602 945 varietate
623 898 827 944 minori
851 905 1094 960 reptante
1123 895 1455 943 constructio
1482 893 1725 956 partium

134 963 337 1012 melius
370 976 615 1029 apparet,
668 964 850 1028 ibique
891 981 954 1011 ex
988 965 1221 1010 incisura
1256 962 1496 1010 evidenti
1537 960 1723 1007 baseos

134 1031 402 1080 soliorum
436 1035 692 1080 oriuntur
725 1032 835 1080 lobi
870 1032 1107 1096 elongati
1151 1032 1368 1078 svrculo
1401 1028 1640 1093 paralelli
1675 1038 1725 1074 et

138 1101 277 1147 cauli
327 1101 523 1149 adnati.
611 1103 804 1168 Quum
850 1115 978 1148 vero
1036 1100 1093 1146 hi
1149 1098 1260 1145 lobi
1309 1097 1376 1145 ob
1430 1099 1726 1143 incisuram

135 1170 287 1232 quasi
309 1185 335 1215 a
359 1171 602 1235 margine
630 1169 892 1217 foliorum
925 1167 1137 1214 discreti.
1171 1176 1330 1224 sunt,
1382 1175 1434 1212 et
1464 1164 1600 1228 plica
1635 1179 1724 1210 eo-

133 1253 262 1282 rum
298 1239 495 1301 saepius
531 1238 722 1285 obtusa
760 1236 1019 1293 occurrit,
1067 1250 1163 1298 pro
1201 1233 1412 1297 stipulis
1456 1234 1594 1280 veris
1633 1231 1726 1277 ha-

134 1304 236 1350 biti
272 1303 512 1353 Fuerunt.
597 1305 909 1369 Longitudo
946 1303 1208 1350 loborum
1253 1304 1344 1348 vix
1386 1300 1524 1347 ultra
1562 1299 1727 1346 climi-

136 1372 283 1418 diam
297 1373 648 1420 latitudinem
664 1373 928 1420 foliorum
943 1372 1198 1418 emetitur
1223 1371 1280 1416 in
1296 1368 1545 1432 praedicta
1561 1367 1725 1414 varie-

136 1451 270 1496 tate;
294 1442 385 1487 sed
410 1442 468 1488 in
499 1439 800 1502 majoribus
823 1440 1096 1505 longiores
1124 1436 1363 1485 evadunt
1394 1447 1446 1484 et
1471 1446 1576 1482 tota
1599 1450 1727 1482 con·

134 1510 357 1556 structio
382 1510 553 1573 magis
582 1507 822 1556 confusa.
894 1506 1120 1571 Stipulae
1154 1520 1367 1569 semper
1396 1505 1624 1568 integrae
1645 1536 1661 1561 ,
1701 1517 1728 1549 e

133 1578 311 1624 media
338 1579 530 1641 pagina
557 1592 700 1640 saepe
728 1575 1040 1623 radicantes.

66 1656 182 1707 7³15.
221 1643 789 1692 JUNGERMANNIA
836 1639 1093 1692 flam-lfa.-
1150 1639 1381 1688 surculis
1429 1636 1729 1685 subfilifor-

266 1713 454 1761 nribus
512 1710 961 1760 adscendentibus
1012 1707 1491 1773 simpliciusculis‚
1580 1705 1728 1752 foliis

274 1780 631 1828 subsecundis
666 1779 965 1826 imbricatis
1006 1778 1245 1835 trilobis,
1295 1775 1507 1839 stipulis
1539 1774 1730 1821 minu-

271 1851 335 1897 tis
362 1849 650 1896 attenuatis
675 1848 873 1894 incisis.
911 1843 1055 1893 Icozz
1079 1845 1181 1891 tab.
1206 1855 1376 1891 nostr.
1401 1841 1548 1889 XXV·
1578 1841 1662 1904 fig.
1681 1850 1729 1903 5.

201 1919 225 1965 J
233 1955 242 1965 .
271 1918 483 1965 Floerkii
531 1912 685 1963 IsVel).
728 1925 784 1962 ec
806 1911 981 1961 Μοῐιν
1005 1923 1184 1979 crypt.
1206 1927 1388 1978 germ.
1435 1927 1487 1975 p.
1509 1914 1630 1969 4¹0·

149 1986 287 2034 Hab.
312 1987 370 2033 in
395 1985 530 2033 saxis
552 1984 697 2031 siccis
711 1993 763 2031 et
783 1982 987 2029 ericetis
1008 1979 1360 2028 Nordlandiae
1386 1976 1731 2040 inferalpince

203 2070 351 2112 raro3
389 2069 415 2100 a
447 2067 538 2100 me
570 2052 704 2100 lecta
739 2049 804 2098 ad
845 2050 1080 2117 Qualvig
1114 2049 1268 2096 sinus
1303 2045 1633 2110 Lyngensis,
1681 2055 1734 2091 et

202 2122 268 2170 ad
290 2122 471 2169 Kuma
495 2120 613 2166 Eno
639 2119 884 2184 paroeciae
912 2117 1228 2164 Enontekis.

264 2191 486 2238 Muscus
509 2186 749 2247 julaceus
771 2197 852 2235 est
874 2200 938 2232 ut
962 2181 1009 2233 J,
1037 2181 1252 2248 inflata
1273 2178 1349 2229 H.
1382 2181 1468 2228 vel
1494 2177 1540 2227 J.
1571 2178 1734 2227 saxi·

140 2258 270 2308 cola
302 2252 575 2314 Sclzrad.‚
622 2265 675 2303 et
706 2253 1089 2319 magnitudine
1124 2253 1269 2300 inter
1307 2260 1599 2312 utramque
1639 2249 1734 2294 ha-

137 2345 268 2377 rum
293 2326 445 2391 quasi
465 2323 700 2372 medius.
784 2321 932 2369 Folia
968 2322 1138 2368 laxius
1170 2319 1480 2375 imbricata,
1526 2316 1734 2363 nonni-

141 2397 224 2446 hil
259 2410 482 2443 sursum
515 2407 664 2440 versa
702 2400 766 2438 ut
796 2389 990 2436 subtus
1029 2391 1203 2436 carina
1235 2382 1493 2443 efficitur,
1545 2384 1604 2430 in
1630 2398 1736 2446 qua

139 2465 500 2513 observantur
538 2458 755 2522 stipulae
789 2468 980 2504 tenues
1013 2465 1303 2518 attenuatae
1336 2453 1611 2515 simplices
1647 2449 1736 2497 vel

135 2533 372 2592 binatae,
421 2527 586 2592 fflque
633 2526 732 2573 ubi
773 2524 1027 2572 radiculae
1072 2524 1333 2581 deficiunt
1373 2520 1462 2568 vel
1508 2520 1733 2566 rariores

139 2611 287 2649 sunt.
370 2593 707 2646 Difficillime
753 2594 1126 2651 examinatur,
1184 2589 1280 2639 sed
1319 2587 1559 2637 diversus
1602 2600 1736 2634 mox

140 2677 373 2736 apparet.

270 2732 613 2799 Explzsscacio
682 2730 865 2780 iconis
886 2747 906 2778 :
987 2745 1031 2777 a.
1106 2741 1333 2775 muscus
1387 2738 1567 2788 magn.
1628 2731 1740 2769 nat.

141 2805 196 2854 b.
222 2805 402 2853 isdem
423 2802 510 2851 fies
536 2811 743 2849 auctus.
815 2816 858 2848 c.
898 2815 1029 2863 apex
1052 2796 1258 2845 surculi
1282 2793 1474 2841 subtus
1501 2793 1652 2843 visus
1677 2799 1741 2835 ut

141 2882 431 2939 appareant
453 2870 663 2935 stipulae
689 2881 805 2916 mes
831 2877 970 2914 auct.
1052 2865 1101 2912 d.
1150 2864 1354 2911 folium
1384 2861 1613 2908 seorsim
1642 2871 1732 2922 9es

146 2953 284 2991 auct.
359 2957 403 2990 e.
443 2939 642 3003 stipula
665 2937 894 2986 seorsim
919 2935 1133 2982 circiter
1159 2945 1282 2979 2oes
1308 2940 1444 2977 auct.
1497 2962 1499 2964 -

406 3045 467 3106 ††
514 3046 743 3095 Foliosae
779 3041 1119 3108 exstipulatae
1153 3055 1193 3087 s.
1225 3035 1412 3086 nudae.

246 3130 311 3194 a)
332 3129 501 3177 foliis
530 3126 989 3191 condupplicatis:
1035 3121 1177 3170 lobis
1207 3115 1591 3184 inaequalibus.

85 3210 209 3265 606.
245 3207 813 3261 JUNGERMANNIA
828 3200 1126 3271 caxifolz'a:
1150 3199 1374 3267 surculis
1389 3194 1748 3264 pinnit'ormi-

291 3280 394 3329 bus
425 3278 863 3345 simpliciusculis
877 3309 895 3337 ‚
923 3273 1069 3324 foliis
1092 3269 1266 3320 bifidis
1291 3264 1749 3332 condupplicatis:
