2194 3893
456 234 581 270 xxx
831 207 840 213 ¹
930 217 1628 272 INTRODUCTIO.

456 352 600 416 alpes
638 351 734 399 sita
770 352 866 410 sit,
905 350 996 399 sed
1035 353 1158 415 quia
1196 351 1308 399 fere
1343 350 1521 415 alpina
1558 360 1682 397 tum
1718 349 2009 399 altitudine
2046 366 2104 399 ac

454 422 794 484 vegetatione
841 430 936 467 est.
1019 422 1191 468 Datur
1235 434 1363 467 vero
1412 420 1558 483 regio
1605 418 1764 466 altera
1811 420 2105 484 lapponiae,

454 503 590 553 quae
629 503 683 535 re
719 503 844 535 vera
880 487 1073 536 subtus
1111 489 1253 552 alpes
1293 488 1388 534 sita
1426 498 1505 533 est
1539 485 1700 551 idque
1724 487 1788 533 ad
1812 487 1950 535 latus
1974 502 2104 535 nor·

452 556 702 620 vegicum
737 554 855 619 jugi
893 556 1093 620 alpini,
1152 571 1316 620 quam
1352 553 1490 601 infra
1527 554 1666 617 alpes
1703 554 1933 602 locatam
1971 555 2102 603 dici-

451 639 607 680 mus3
667 635 718 671 et
765 625 840 671 sic
876 635 1006 672 ortae
1043 636 1172 671 sunt
1210 623 1708 670 denominationes:
1771 623 1971 686 plantae
2014 624 2101 670 in-

452 692 530 739 fra
567 691 708 756 alpes
748 703 1073 751 crescentes,
1119 692 1318 755 plantae
1355 690 1742 753 infra-alpinae
1780 701 1831 738 et
1869 691 2103 754 denique

452 762 616 808 etiam
652 759 1020 824 inferalpinae;
1075 775 1195 823 quae
1232 760 1460 805 nomina
1508 758 1662 804 nobis
1712 759 2100 821 percommoda

449 829 560 875 visa
598 838 746 885 sunt,
785 838 838 875 et
873 839 935 874 ut
961 827 1403 875 haecnobiscum
1429 827 1958 887 accipiantlectores‚
2004 841 2099 888 op-

449 907 648 944 tamus.
718 895 892 942 Varias
932 895 1047 943 illas
1074 896 1245 942 Zonas
1284 911 1381 943 seu
1415 895 1661 959 regiones
1685 895 1980 960 Lapponiae
2017 891 2099 941 ac-¹

449 967 682 1012 curatius
723 963 1016 1011 describere
1051 963 1220 1025 juvat.
1781 992 1783 997 ι

584 1027 855 1079 Limicem
893 1030 1226 1078 naturalem
1261 1027 1608 1094 Lapponicze
1646 1025 1849 1078 efficere
1884 1028 2102 1089 videtur

446 1111 629 1148 catena
676 1100 965 1147 montium
1011 1099 1427 1163 sylvaticorum‚
1490 1100 1690 1146 circiter
1713 1109 1812 1159 500
1850 1098 1970 1162 ped.
2005 1114 2096 1162 pa-

446 1171 534 1217 ris.
582 1168 859 1228 altorum,
913 1168 1008 1232 qui
1040 1177 1087 1229 5.
1125 1197 1148 1207 -
1181 1173 1229 1224 8.
1269 1167 1501 1214 miliaria
1539 1182 1675 1214 svec.
1716 1183 1742 1213 a
1776 1168 1902 1214 sinu
1953 1166 2096 1213 bott-

444 1239 571 1285 nico
610 1236 831 1283 distant.
904 1236 977 1283 Hi
1023 1246 1242 1283 montes
1292 1236 1392 1282 toti
1440 1235 1587 1297 sylva
1634 1234 1853 1299 abiegna
1903 1235 2099 1281 consiti

446 1315 576 1353 sunt
594 1339 615 1362 ,.
647 1320 747 1352 nec
784 1305 983 1352 vertice
1030 1303 1303 1352 denudato
1353 1318 1602 1367 unquam
1650 1303 2095 1367 distinguuntur3

443 1373 621 1437 neque
676 1383 894 1420 montes
942 1372 1047 1420 ulli
1104 1371 1380 1435 subalpini
1440 1370 1579 1417 infra
1637 1370 1790 1417 illam
1850 1381 2096 1418 catenam

447 1443 705 1490 existunt.
777 1441 1058 1504 Incipiunt
1103 1438 1246 1486 infra
1293 1440 1473 1486 lacum
1518 1439 1856 1502 Kenritraisk,
1909 1454 2096 1504 proce-

444 1509 583 1556 dunt
620 1509 683 1556 ad
719 1509 996 1556 Torneam
1033 1509 1374 1571 superiorein
1410 1517 1462 1554 et
1510 1504 1906 1564 Oiver-Calix‚
1966 1505 2091 1554 dein

444 1579 581 1625 circa
617 1577 840 1624 Edefors
881 1576 1153 1623 districtus
1191 1575 1443 1623 Lulensis
1482 1575 1586 1621 visi
1622 1585 1786 1632 sunt,
1852 1585 1904 1621 et
1941 1575 2091 1622 deni-

441 1661 547 1710 que
592 1644 656 1692 ad
705 1645 890 1692 lacum
936 1641 1253 1704 Tafvelsjson
1301 1643 1576 1689 districtus
1624 1643 1870 1689 umensis
1907 1650 2128 1706 procer

442 1714 600 1761 dunt.
680 1712 834 1760 Hanc
884 1721 1129 1759 catenam
1179 1712 1465 1758 montium
1502 1711 1591 1756 vix
1626 1721 1884 1774 superant
1922 1708 2093 1758 Galla

437 1780 750 1849 palustris,
833 1778 1063 1845 Illyrica
1138 1775 1309 1832 Gale,
1399 1774 1688 1825 Veroniea
1756 1771 2086 1841 officinalis,

443 1846 967 1915 Chrysanclzemam
1003 1843 1559 1899 Levclzcmclzemum,
1601 1843 1846 1893 Fescuca
1884 1845 2094 1894 elacior

439 1918 596 1982 (quae
652 1917 707 1965 F.
754 1916 1018 1981 pratensis
1056 1914 1236 1962 Smith
1283 1914 1439 1977 Engl.
1487 1915 1597 1961 bot.
1647 1925 1728 1975 25.
1783 1924 1819 1960 t.
1886 1926 2091 1976 1592),

440 1985 637 2034 Carex
671 1983 969 2033 scellulczm
1006 1993 1136 2041 etc.‚
1176 1997 1296 2046 quse
1334 1982 1534 2045 plantae
1581 1982 1796 2046 proprie
1842 1984 1931 2029 vix
1976 1984 2089 2047 la'p-

434 2055 648 2119 ponicae
686 2053 939 2118 appellari
975 2062 1225 2116 possunt.
1295 2049 1488 2098 Betula
1523 2049 1602 2097 ibi
1647 2047 1944 2099 frondescit
1979 2052 2087 2099 ini-

433 2124 512 2171 tio
549 2123 758 2170 mensis
795 2121 959 2168 Junii.

569 2186 883 2255 chpponz'a
927 2186 1208 2253 sylvatica
1254 2184 1494 2249 inferior
1539 2185 1638 2233 ubi
1692 2201 1809 2234 non
1867 2197 2088 2235 tantum

430 2258 600 2307 Abies
649 2273 845 2305 verum
893 2258 1058 2303 etiam
1111 2249 1417 2322 Trifolium
1451 2265 1748 2318 pratense,
1818 2250 2085 2320 Lysima-

435 2324 567 2374 chia
627 2320 1011 2391 clzyrszssora,
1085 2321 1460 2370 Cotwczllarz'cz
1507 2320 1737 2390 majalz's
1801 2322 1899 2382 (ad
1943 2323 2109 2388 ripas

431 2393 802 2452 fluviorum),
860 2387 1190 2458 Nymphaea
1237 2388 1370 2437 alba
1425 2390 1544 2437 laete
1606 2401 1869 2438 crescunt.
1951 2393 2085 2440 Heic

430 2462 726 2510 nonnullae
783 2461 984 2525 plantae
1041 2459 1343 2523 subalpinae
1400 2474 1630 2506 crescere
1674 2458 1951 2523 incipiunt
1996 2463 2081 2508 uti

439 2526 735 2598 Tosjeldz'a
797 2525 1042 2576 borealis
1105 2537 1158 2575 et
1220 2522 1520 2573 Serraczzlcz
1577 2525 1793 2592 alpina.
1895 2528 2078 2577 Limes

430 2599 680 2664 superior
716 2595 882 2658 hujus
923 2596 1193 2642 districtus
1229 2596 1439 2659 positus
1479 2610 1591 2641 esse
1627 2594 1844 2642 videtur
1879 2595 1941 2642 ad
1979 2596 2077 2644 So-

433 2665 662 2729 dankylii
699 2665 993 2729 Lapponiae
1031 2663 1351 2721 Kemensis,
1408 2665 1551 2709 inter
1586 2663 1787 2726 Kengis
1825 2673 1877 2710 et
1911 2664 2076 2713 Muo-

429 2735 684 2783 nioniska
708 2733 1001 2798 Lapponiae
1033 2732 1361 2789 Tornensis‚
1402 2730 1765 2778 adJockmock
1779 2731 2075 2797 Lapponiae

430 2801 682 2849 Lulensis
722 2811 774 2848 et
809 2800 873 2847 ad
910 2799 1142 2847 Faltre‘sk
1177 2800 1467 2863 Lapponiae
1504 2799 1778 2846 Umensis.

565 2865 876 2934 Lapponicz
911 2866 1191 2933 sylvatica
1227 2867 1490 2930 superior
1514 2867 1721 2930 plantas
1749 2882 1906 2931 supra
1933 2884 2069 2915 enu-

428 2948 657 2986 meratas
707 2937 996 2994 desiderat,
1055 2934 1146 2982 sed
1195 2935 1359 2996 sylvis
1408 2935 1651 2981 abietum
1698 2933 1872 2982 adhuc
1907 2936 2072 2982 undi-

431 3022 536 3070 que
572 3005 784 3070 gaudet.
856 3004 962 3051 Ubi
998 3002 1161 3050 Abies
1201 3003 1257 3049 in
1297 3002 1426 3049 locis
1466 3003 1652 3066 apricis
1677 3015 1904 3050 crescere
1930 3002 2068 3051 desi-

426 3074 530 3132 nit,
569 3073 653 3132 ibi*
668 3073 904 3120 limitem
918 3087 1092 3135 super.
1108 3068 1274 3131 hujus
1296 3071 1528 3133 regionis
1551 3070 1797 3133 positum
1824 3086 1937 3118 esse
1959 3088 2067 3118 cre-

425 3140 629 3188 dimus.
701 3141 996 3188 Terminus
1015 3149 1196 3185 autem
1215 3137 1401 3184 abietis
1419 3139 1477 3184 in
1498 3138 1768 3201 Lapponia
1783 3137 2066 3198 Kemensi‚

425 3209 696 3257 Tornensi
731 3223 832 3257 nec
867 3223 982 3255 non
1011 3206 1218 3253 Pitensi
1254 3207 1677 3269 perconspicuus
1717 3220 1830 3252 esse
1866 3209 2063 3272 reperi-

422 3285 543 3337 tur,
603 3278 728 3342 quia
772 3288 907 3327 terra
952 3275 1030 3324 ibi
1075 3272 1291 3338 planior
1335 3282 1416 3323 est
1462 3283 1516 3323 et
1561 3273 1896 3323 convallibus
1939 3290 2063 3341 pro-
