2194 3893
486 127 734 178 CLIMA
788 125 1262 177 LAPPONIAE.
1633 142 1709 177 ιν

47 259 147 310 Sed
176 260 290 308 haec
315 259 424 322 ipsa
447 257 604 305 latera
633 259 804 321 magis
832 257 1059 305 declivia
1106 253 1350 305 efficiunt
1372 290 1386 315 ,
1412 267 1474 303 ut
1506 256 1704 321 piantae

29 329 432 376 ⁴adscendentes
480 342 755 389 nusquam
794 336 905 373 tam
953 336 1122 373 certos
1168 329 1434 373 terminos
1473 325 1615 373 inter
1647 341 1702 374 se

0 390 2 393 ’
49 396 375 454 observent,
415 409 555 458 saepe
582 395 745 441 etiam
770 394 1037 459 lapidibus
1063 405 1114 442 et
1138 394 1289 440 terris
1324 393 1699 441 delabentibus

46 465 109 512 ad
157 464 270 511 loca
307 462 562 511 inferiora
602 464 916 518 trahuntur3
967 475 1017 511 et
1061 461 1126 510 de
1164 474 1352 509 caetero
1392 463 1506 508 haec
1538 461 1700 508 latera

44 532 397 597 praeruptiora
442 532 613 596 magis
660 531 745 577 vel
783 532 971 579 minus
1006 531 1166 578 calida
1191 529 1546 591 evaduntpro
1585 531 1697 577 situ

44 599 210 649 velad
228 599 513 648 meridiem
530 599 614 647 vel
641 598 701 646 ad
728 601 1155 664 septentrionem
1179 609 1450 663 vergente.
1493 595 1697 644 Omnia

45 669 165 716 h'aec
208 670 482 717 evitantur
524 669 579 714 in
627 667 786 715 latere
824 670 1062 726 svecico,
1125 677 1177 715 et
1229 668 1407 732 itaque
1454 665 1693 711 tabulam

46 753 326 785 annexam-
356 736 452 784 feci
483 737 752 801 praecipue
786 735 850 784 ad
887 734 1289 785 observationes
1326 737 1384 782 ixx
1419 733 1694 798 Lapponia

43 803 291 854 tornensi
315 804 491 853 factas.

471 903 599 967 (hic
633 907 841 955 Tabula
868 923 965 955 con
979 905 1249 965 ferenda).

176 1006 399 1073 Accedit
425 1011 558 1057 ratio
583 1025 802 1074 prorsus
830 1010 1147 1075 singularis,
1196 1006 1600 1073 vegetationem
1632 1005 1704 1050 in'

44 1079 280 1126 summis
323 1077 534 1143 alpibus
570 1078 890 1137 moderans,
942 1094 1107 1143 eaque
1143 1079 1199 1124 in
1234 1076 1378 1123 nivis
1410 1089 1504 1138 per
1540 1082 1692 1119 aesta-

41 1155 154 1193 tem
180 1146 470 1211 aliquando
497 1149 831 1194 remanentis
862 1148 918 1193 vi
947 1147 1268 1195 destructiva
1306 1146 1362 1190 in
1396 1140 1691 1203 vegetatio-

40 1211 174 1262 'nem
189 1215 287 1262 sita
301 1224 394 1280 est.
432 1216 530 1263 Per
556 1231 609 1263 se
632 1227 925 1280 patet‚non
951 1229 1143 1264 omnes
1167 1222 1372 1261 aestates
1397 1211 1456 1255 in
1481 1209 1690 1272 alpibus

42 1285 195 1345 aeque
209 1283 400 1332 calidas
426 1299 540 1332 esse
558 1295 608 1331 et
631 1286 820 1339 niven]
848 1299 1000 1348 aeque
1031 1283 1319 1329 solventesz
1346 1277 1439 1324 ubi
1457 1291 1584 1322 vero
1598 1276 1694 1321 nix

38 1351 138 1397 sub
164 1350 463 1416 frigidawel
483 1355 662 1416 potius
690 1353 936 1417 pluviosa
969 1351 1198 1416 quadam
1236 1357 1416 1394 aestate
1449 1342 1692 1390 insoluta

39 1430 353 1480 permanet,
414 1421 729 1485 vegetabilia
770 1421 959 1468 omnia
1012 1414 1264 1464 funditus
1313 1413 1689 1459 destruuntur.

37 1485 155 1533 Hoc
180 1487 406 1550 quidem
430 1489 590 1535 nobis
613 1489 1076 1549 pei-conspicuum
1101 1484 1206 1529 fuit
1235 1484 1290 1528 in
1329 1480 1540 1544 alpibus
1581 1478 1689 1524 Lu-

37 1552 297 1600 lensibus'
317 1567 463 1600 anno
502 1557 658 1612 1807}
709 1551 900 1617 frigida
935 1553 1089 1598 enim
1111 1561 1262 1598 aestas
1290 1549 1419 1596 anni
1448 1544 1579 1606 2306
1601 1547 1688 1593 ni-

34 1635 163 1668 vem
195 1635 309 1668 non
344 1619 584 1668 solutam
617 1636 714 1684 per
749 1631 889 1668 totos
928 1633 1145 1682 campos
1190 1618 1400 1682 alpium
1447 1614 1689 1677 reliquit,

36 1699 87 1735 et
126 1688 225 1735 hos
258 1703 475 1752 campos
512 1690 839 1753 insequente
871 1698 1052 1736 aestate
1085 1697 1209 1751 post
1236 1685 1472 1733 solutam
1498 1684 1691 1730 nivem

34 1756 276 1803 vidimus
301 1757 431 1804 adeo
457 1756 789 1814 devastatos‚
838 1767 900 1805 ut
933 1756 1164 1808 nonnisi
1198 1752 1444 1816 reliquiae
1478 1751 1689 1815 planta-

33 1839 159 1871 rum
186 1824 577 1873 destructarum
604 1826 918 1889 superstites
945 1824 1169 1881 fuerint,
1190 1822 1324 1869 tristi
1352 1832 1404 1866 et
1440 1819 1586 1865 fusco
1600 1834 1686 1865 co-

32 1892 144 1940 lore
170 1902 368 1956 terram
391 1892 738 1943 obducentes.
777 1893 882 1957 Ipsi
902 1894 1179 1956 Lappones
1197 1891 1407 1937 tristem
1421 1888 1690 1934 hancrem

32 1962 554 2009 animadverterunt.
641 1961 786 2008 Huic
807 1961 951 2008 malo
979 1961 1252 2024 praecipue
1279 1956 1532 2005 obnoxiae
1557 1965 1690 2013 sunt

30 2044 223 2076 omnes
258 2029 455 2094 plantae
491 2029 855 2087 Fruticulosae‚
907 2031 987 2075 uti
1021 2025 1425 2083 Andromedae,
1471 2022 1688 2071 Azaleae

30 2099 303 2162 et.ipsum
338 2099 692 2162 Empetrum3
740 2112 861 2163 quae
901 2096 1068 2160 igitur
1105 2095 1253 2143 haud
1299 2108 1531 2160 crescere
1562 2105 1689 2153 pos-

30 2175 162 2213 sunt
193 2166 251 2212 in
279 2165 440 2225 locis,
489 2166 586 2213 ubi
621 2167 718 2214 nix
750 2167 939 2230 quavis
977 2173 1156 2215 aestate
1192 2163 1334 2212 haud
1359 2161 1489 2209 adeo
1520 2159 1688 2227 solvi->

30 2243 147 2292 tur,
228 2244 291 2281 ut
358 2245 494 2282 terra
561 2234 973 2299 quodammodo
1015 2229 1022 2234 ’
1050 2233 1362 2281 exsiccetur.
1488 2229 1687 2276 iuncos

28 2302 252 2349 etvvaria
288 2318 505 2366 quoque
540 2303 787 2366 gramina
820 2303 1094 2366 caespitosa
1127 2301 1223 2349 hac
1270 2299 1548 2347 occasione
1580 2298 1686 2342 mi-

27 2386 155 2418 rum
184 2371 249 2420 in,
268 2370 504 2419 modum
533 2371 798 2419 destructa
821 2370 1084 2417 vidimus.
1158 2368 1340 2416 Nullae
1373 2381 1498 2413 vero
1530 2365 1686 2428 plan-

27 2448 96 2485 tae
134 2440 190 2485 in
229 2438 313 2486 his
349 2440 551 2503 campis
585 2440 743 2486 citius
777 2440 1073 2486 reveniunt
1106 2453 1273 2502 quam
1308 2431 1689 2483 Ranmzculas

27 2504 295 2574 glacialis
328 2518 380 2555 et
413 2505 649 2566 niu-alis,
700 2502 1024 2572 Saxifraga
1049 2503 1254 2554 nivalis
1286 2500 1604 2552 etscellarz's
1636 2511 1690 2548 et

30 2569 468 2643 oppositffolz'a3
507 2570 569 2623 'et
601 2577 782 2640 itaque
816 2577 1043 2639 propius
1079 2574 1143 2623 ad
1177 2574 1417 2622 limitem
1442 2570 1688 2620 nivalem

28 2642 276 2692 accedere
303 2651 726 2709 possunt'quam
748 2655 951 2692 caeterae
979 2657 1192 2691 omnes.
1254 2642 1310 2689 Si
1335 2640 1570 2687 omnino
1593 2652 1687 2684 ve-

30 2711 281 2777 getabilia
304 2715 555 2776 quaedam
577 2722 727 2769 sunt,
757 2726 878 2775 quae
911 2712 1038 2758 nive
1062 2711 1388 2778 perennanti
1410 2707 1555 2755 haud
1597 2705 1687 2752 de-

28 2789 343 2837 struuntur:
392 2781 664 2845 praecipue
698 2796 756 2828 ea
804 2790 934 2827 sunt
971 2779 1230 2827 Lichenes
1268 2789 1323 2826 et
1351 2775 1688 2838 Polytricha;

28 2846 286 2912 inprimis
310 2844 643 2897 Pelcideam
678 2863 942 2896 croceam
980 2848 1038 2894 in
1074 2848 1209 2894 locis
1239 2848 1366 2893 nive
1403 2840 1687 2890 devastatis

29 2913 376 2981 frequentem
401 2916 660 2980 vidimus.
734 2917 994 2964 Lichenes
1017 2915 1324 2964 umbilicati
1356 2925 1408 2962 et
1429 2909 1689 2960 nonnulli

29 2984 299 3035 imbricati
356 2999 446 3033 ex.>
495 3001 572 3050 gr.
624 2980 691 3034 L.
740 2985 996 3051 stygius,
1050 2994 1192 3032 certo
1231 2983 1344 3030 vivi
1389 2982 1693 3045 persistunt

10 3053 89 3098 ,in
156 3051 429 3116 lapidibus
489 3053 635 3101 haud
696 3056 883 3119 quavis
953 3063 1133 3101 aestate
1188 3053 1319 3101 nive
1379 3048 1691 3100 denuda-‘'182‘-

29 3129 83 3166 et
129 3121 204 3166 sic
250 3120 509 3218 ultin'mn
549 3132 690 3172 certe
747 3121 1152 3188 vegetationem
1212 3123 1273 3169 in
1311 3129 1459 3168 terra
1497 3117 1696 3165 ultima

27 3188 376 3238 constituunt
389 3223 403 3238 .
