2194 3893
464 201 579 256 504
997 179 1588 235 CRYPTOGAMIA.

526 317 671 366 foliis
710 325 842 377 7-9
887 312 1063 378 quoad
1106 315 1404 360 maximam
1445 323 1654 378 partem
1695 316 2001 367 convolutis
2052 329 2104 367 et
2150 352 2194 363 --

525 383 760 432 summis
786 392 1002 429 tantum
1018 381 1253 445 apicibus
1279 380 1483 444 liberis
1510 397 1615 444 quo
1644 381 1898 432 facillime
1919 401 1946 431 a
1967 401 2101 449 prae·

526 450 746 500 cedente
779 450 952 512 specie
997 448 1363 513 distingvitur.
1446 448 1565 495 Seta
1605 450 1800 512 pallida
1845 462 1908 498 ut
1939 454 2102 500 etiam

526 515 739 582 capsula
798 527 851 564 et
899 516 1235 581 operculum.
1326 514 1553 580 §apsula
1613 517 1874 582 oblonga,
1930 518 2101 567 laevis.

522 583 862 650 operculum
893 595 1063 631 rostro
1099 583 1350 630 subulato
1375 584 1616 647 obliquo.
1692 583 1939 649 Calyptra
1973 587 2101 635 late-⁷

523 654 646 701 ralis
668 663 921 716 angusta,
959 667 1181 699 summo
1208 652 1352 714 apice
1378 650 1721 700 fuscescente.
1758 676 1826 685 —
1859 654 1937 699 Ex
1962 653 2104 702 hisce

523 730 668 786 patet
700 719 847 783 quod
891 721 1096 783 optime
1132 719 1374 766 diversus
1421 729 1498 766 est
1538 735 1563 765 a
1608 719 1970 783 praecedente,
2017 722 2104 767 cui

521 789 768 853 proxime
812 784 1000 834 affinis.
1085 786 1377 833 Rarissime
1425 787 1661 850 capsulas
1719 787 1954 850 profert,
2011 788 2104 835 secl

525 855 718 903 sterilis
741 871 962 903 muscus
1000 853 1151 901 Facile
1175 853 1507 917 dignoscitur
1538 855 1775 918 apicibus
1811 856 1922 902 suis
1957 851 2105 902 trira-'

526 923 713 980 diatis,
752 939 854 987 qua
882 924 1090 970 ratione
1124 920 1314 968 ductus
1350 937 1611 968 muscum
1646 923 1901 987 ignotum
1939 923 2103 969 tristi·

527 992 669 1041 chon
692 990 1001 1054 dixi,‘quod
1023 1004 1232 1037 nomen
1256 989 1428 1035 adhuc
1457 1003 1594 1052 aegre
1618 991 1869 1055 omittere
1898 989 2069 1038 volui.
2092 1030 2100 1034 .

771 1106 1776 1162 ANICTANGIUM.

720 1256 722 1258 Ι
1031 1200 1213 1250 Hedm'g
1232 1211 1345 1252 spec.
1377 1214 1423 1253 p.
1456 1206 1527 1250 4ο.

519 1274 994 1326 Fructificatio
1039 1273 1298 1326 monoicaz
1345 1272 1605 1322 sterilis
1631 1272 1780 1322 alaris
1819 1272 2105 1341 gemmifer·
2142 1270 2150 1275 ‘

624 1358 733 1388 mlS.
1280 1378 1282 1381 ,

520 1401 760 1469 Capsul
775 1417 814 1448 ae
833 1401 1184 1469 peristomium
1206 1399 1398 1447 nudum
1422 1416 1460 1446 s.
1486 1397 1698 1446 nullum.
1880 1462 1884 1465 ἡ

459 1497 573 1552 555.
621 1487 1138 1538 ANICTANGIUM
1171 1485 1460 1534 ciliacum:
1500 1487 1646 1534 caule
1670 1499 1918 1544 ramoso,
1956 1484 2107 1533 foliis

663 1557 835 1604 ovatis
868 1556 1158 1603 enervibus
1187 1556 1432 1602 concavis
1459 1556 1604 1619 apice
1636 1556 1778 1603 canis
1805 1552 2103 1602 denticula-

661 1627 750 1682 tis,
782 1623 993 1686 capsula
1018 1623 1202 1670 sessili.

593 1691 661 1741 A.
688 1692 934 1739 ciliatum
954 1687 1149 1736 Iledw.
1177 1705 1323 1755 spec.
1347 1707 1399 1753 p.
1426 1697 1508 1751 ζμ.
1909 1738 1912 1739 ⁷

592 1760 1067 1823 Gymnostomum
1092 1757 1337 1804 ciliatum
1361 1753 1572 1804 Swarcz
1597 1771 1768 1805 masc.
1784 1771 1922 1805 svec.
1949 1771 2002 1820 p.
2027 1770 2102 1820 19.

591 1827 871 1890 Hedwigia
896 1825 1083 1873 ciliata.
1122 1821 1319 1870 Hedw.
1344 1826 1501 1888 stirp.
1537 1841 1574 1870 1.
1599 1835 1636 1872 t.
1662 1831 1747 1884 40.
1806 1825 1808 1827 ’
1864 1879 1868 1881 ,

594 1893 804 1957 Bryum
831 1908 1155 1957 apocarpum
1178 1901 1223 1944 β.
1261 1887 1429 1938 Lina.
1456 1906 1593 1938 seeo.
1617 1908 1669 1938 n.
1695 1889 1810 1953 986.

528 1962 666 2011 Hab.
702 1963 759 2008 in
792 1962 926 2008 saxis
962 1962 1108 2008 siccis
1161 1957 1500 2022 inferalpinis
1549 1958 1899 2006 Norcllandiae
1937 1960 2129 2006 meri-

597 2029 827 2078 dionalis
875 2029 1071 2091 passim
1091 2061 1105 2085 ‚
1166 2026 1599 2089 septentrionalis
1649 2029 1848 2082 rarius;
1895 2026 1987 2074 sed
2040 2026 2106 2075 de

594 2109 788 2146 caetero
825 2097 1096 2143 rarissime
1131 2105 1349 2141 tantum
1384 2095 1441 2140 in
1481 2095 1749 2157 Lapponia
1787 2093 1992 2141 lectum
2023 2110 2104 2142 ex.

595 2182 671 2230 gr.
708 2164 771 2212 ad
806 2164 1122 2210 &Vallivaara
1157 2177 1324 2226 prope
1361 2162 1620 2208 Naimaka
1659 2163 1829 2208 situm
1862 2163 2105 2225 paroeciae

594 2234 991 2280 Enontekensis
1008 2265 1021 2289 ‚
1061 2241 1124 2276 ut
1145 2232 1305 2277 etiam
1327 2231 1530 2292 parcius
1558 2231 1616 2275 in
1639 2229 2078 2275 VVesterbottnia.

459 2299 574 2364 556.
612 2296 1555 2362 ΑΝΙΟΤΑΝΘΙΠΝΪΖαρροηίσιινη.·
1595 2297 1743 2343 caule
1780 2295 1984 2354 diviso,
2021 2296 2106 2343 fo-

656 2369 745 2415 liis
777 2366 1069 2414 linearibus
1110 2367 1342 2412 siccitate
1374 2364 1646 2411 tortilibus
1666 2397 1681 2424 ‚
1743 2363 1955 2428 capsula
1989 2373 2106 2412 tur-

658 2436 838 2482 binata
866 2444 1061 2482 costata
1083 2433 1405 2478 subexserta.

597 2501 662 2551 A.
688 2502 1043 2566 lappon‘icum
1067 2496 1263 2547 Hedw.
1287 2515 1433 2562 spec.
1459 2516 1511 2564 p.
1536 2506 1618 2561 4ο.
1906 2560 1909 2561 ⁷

599 2570 1071 2634 Gymnostomum
1094 2569 1462 2632 lapponicum.
1511 2564 1724 2614 Swarcz
1760 2581 1916 2613 muso
1965 2566 2103 2614 s'vec.

727 2653 778 2701 p.
804 2649 887 2685 ρο.
960 2632 1218 2701 Hedwz'g.
1236 2632 1407 2700 Scirp.
1435 2647 1464 2696 5
1510 2646 1542 2681 t.
1563 2646 1605 2695 5.
1633 2635 1696 2681 A.
1769 2630 1952 2680 Smiclz
1976 2631 2104 2681 bric.

728 2715 776 2766 5.
801 2720 851 2768 p.
884 2701 1026 2763 1167.
1094 2701 1347 2750 Sclzlzulzr
1372 2700 1624 2750 (leutsch.
1651 2699 1961 2749 laztbmoos.
1997 2712 2031 2748 t.
2057 2708 2105 2761 8.

729 2765 1035 2838 Hoffm.sl.
1056 2787 1315 2838 german.
1343 2788 1392 2834 p.
1419 2784 1496 2832 ‘39-

531 2841 666 2892 Hah.
701 2841 760 2887 in
799 2841 998 2887 fissuris
1029 2841 1257 2903 rupium
1291 2838 1518 2884 madidis
1550 2835 1614 2883 ad
1641 2837 1797 2882 latera
1821 2836 2108 2883 montium

601 2909 1063 2972 sylvaticorumet
1083 2906 1499 2969 subalpinorum
1531 2903 1929 2966 Lapponiarum
1967 2919 2105 2952 svec.

599 2977 801 3032 rarius3
868 2976 929 3021 in
962 2974 1291 3021 Nordlandia
1327 2971 1728 3036 septentrionali
1771 2985 1986 3033 quoque
2026 2987 2106 3018 ra-

600 3045 713 3091 rius
731 3076 747 3102 ,
785 3041 877 3090 sed
898 3043 957 3089 in
979 3041 1325 3090 meridionali
1349 3039 1699 3102 frequentius.
1723 3045 1727 3049 ’
1778 3037 1963 3084 Nostra
1992 3039 2104 3086 Me-

603 3109 845 3173 delpadia
869 3108 982 3169 ejus
1003 3127 1126 3158 vera
1153 3110 1317 3174 patria
1345 3117 1452 3164 est,
1484 3105 1579 3151 ubi
1601 3105 1833 3151 omnino
1859 3105 2107 3170 vulgare:

602 3180 785 3240 itaqne
818 3192 1025 3226 nomen
1060 3176 1413 3242 lapponicum
1450 3170 1592 3218 haud
1631 3172 1835 3235 optime
1869 3173 2104 3236 quadrat.

604 3243 845 3294 Vernalis
869 3254 948 3293 est
973 3259 1164 3296 mense
1183 3240 1316 3304 Maii
1342 3250 1640 3290 maturans·

1891 3306 2113 3356 Muscus
