2194 3893
418 283 440 317 ι
460 274 529 328 13
986 229 1480 314 ΒΕε.Δ.Νῐ)Μ”Α.

550 394 890 462 frequentem
948 395 1038 444 sed
1082 396 1141 442 in
1186 390 1645 442 meridionalibus
1689 395 1876 443 rarius.
1959 391 2072 442 Nec

550 475 692 512 extra
718 480 963 512 summas
987 464 1129 528 alpes
1155 463 1408 526 provenit
1432 475 1698 525 unquam.

612 531 802 578 Planta
835 546 1080 598 pygmaea
1113 533 1203 577 vix
1234 545 1485 594 unquam}
1507 528 1644 575 ultra
1667 527 1926 592 poilicem
1948 527 2071 586 alta,

485 609 541 646 et
567 609 679 646 toto
707 601 897 647 habitu
910 599 1234 648 Ranunculo
1257 611 1507 662 pygmaeo
1537 596 1841 643 admodum
1857 597 2070 644 similis.

484 666 657 714 Radix
700 670 880 717 tenuis
920 680 972 718 et
1006 667 1239 731 simplex
1272 677 1334 713 ut
1372 679 1554 712 annua
1599 680 1656 712 re
1691 679 1813 712 vera
1843 674 2073 730 apparet.

485 734 631 782 Folia
657 737 911 801 pleraque
933 735 1210 793 radicalia,
1246 734 1450 781 lobata:
1487 732 1629 780 lobis
1655 731 1859 781 obtusis
1881 743 2074 780 rotun-

486 803 651 859 ‘datis3
711 805 925 868 petiolis
967 805 1177 868 longis,
1225 802 1517 859 tenuibus,
1582 801 1694 847 basi
1735 798 1965 848 dilatatis
2013 796 2087 846 in'

483 872 868 920 membranam
893 873 1333 937 ampiectentem.
1405 869 1623 917 Folium
1657 868 1938 917 caulinum
1959 866 2073 933 ple-

485 956 722 1004 rumque
762 941 909 988 adest
943 956 1129 988 unum
1162 939 1436 986 lobatum:
1493 936 1698 1001 petiolo
1730 935 2078 985 membrana-

489 1023 580 1055 ceo
606 1009 995 1073 amplexicauii.
1049 1007 1088 1056 F
1092 1007 1329 1055 olioluni
1352 1006 1441 1053 vel
1466 1005 1672 1052 bractea
1695 1004 1796 1053 sub
1818 1006 1874 1052 in
1885 1003 2079 1054 feriore

486 1074 617 1122 flore
649 1062 1056 1139 inajusculum,
1095 1075 1427 1132 obovatum,
1463 1072 1907 1137 subpetiolatmn.
1977 1070 2079 1119 Pe-

488 1143 718 1190 dunculi
753 1142 957 1191 Hofum
986 1144 1274 1208 insigniter
1311 1142 1486 1206 pilosi.
1566 1140 1745 1189 Flores
1786 1140 1891 1189 late
1936 1155 2081 1188 cam-

486 1211 762 1274 panulati,
798 1211 1119 1260 minusculi.
1194 1208 1361 1272 Calyx
1395 1210 1504 1258 fere
1538 1209 1602 1256 ad
1641 1208 1930 1256 dimidiam
1959 1222 2080 1273 par-

489 1289 605 1324 tem
637 1281 874 1344 germini
911 1280 1158 1328 adflatus.
1237 1277 1419 1327 Petala
1451 1277 1661 1326 laciniis
1694 1277 1945 1341 calycini's
1981 1275 2081 1323 du-

488 1346 581 1410 plo
605 1357 825 1395 tantum
854 1348 1114 1413 longiora.
1843 1342 1846 1346 ’

423 1421 542 1475 218.
580 1415 980 1465 SAXIFRAGA
1006 1411 1428 1481 criclaccylices:
1466 1410 2084 1462 foliis‘cuneiffflmibus

628 1484 928 1532 tridentatis
956 1485 1213 1542 viscosis,
1241 1483 1390 1532 caule
1414 1481 1862 1546 subpaniculato,
1896 1480 2086 1528 fructi-

628 1551 729 1599 bus
752 1552 1009 1617 globosis,
1048 1551 1394 1614 stigmatibus
1419 1551 1654 1613 calycem
1677 1549 2037 1614 aequantibus.

558 1616 618 1667 S.
644 1620 990 1683 tridactylites
1047 1616 1220 1667 Limz.
1259 1635 1398 1666 sveC.
1447 1635 1503 1665 n.
1537 1626 1654 1680 575.
1736 1614 1922 1664 Smiclz
1954 1615 2085 1663 brie.

696 1701 751 1738 2.
774 1705 824 1752 p.
850 1694 968 1751 454.
1027 1683 1201 1755 Engl.
1227 1684 1340 1735 boc.
1366 1698 1402 1734 t.
1431 1695 1548 1746 50¹·
1576 1685 1734 1733 bona.
1781 1681 2090 1748 Scernberg

695 1751 902 1824 saoeffr.
926 1773 980 1821 p.
1002 1762 1088 1817 44.
1118 1766 1152 1803 t.
1187 1766 1263 1815 17.
1295 1754 1331 1803 f.
1356 1765 1405 1817 5.
1431 1754 1590 1801 bona.
1651 1750 1856 1821 Zoega
1878 1750 2112 1803 island.-

698 1848 768 1858 —
806 1822 1049 1872 Gunner
1076 1839 1233 1872 noro.
1269 1839 1324 1871 n.
1351 1828 1469 1884 544.

561 1889 612 1939 5.
636 1901 816 1940 annua
842 1889 1202 1959 'Lapeyr0us.
1229 1886 1435 1960 saxg'fr.
1473 1915 1542 1925 -—
2017 1937 2020 1942 ,

494 1957 632 2008 Hab.
667 1961 728 2008 in
765 1961 996 2009 collibus
1033 1971 1086 2009 et
1121 1963 1321 2025 campis
1357 1959 1508 2013 siccis
1539 1956 1876 2022 inferalpinis
1913 1953 2092 2004 Nord-

564 2027 763 2076 landiae
795 2029 1175 2078 meridionalis
1195 2027 1409 2084 'rarius;
1448 2043 1475 2075 a
1504 2042 1598 2074 me
1632 2027 1763 2075 lecta
1797 2024 1860 2073 ad
1885 2040 2091 2089 pagum

537 2089 729 2157 ·S.÷.iljfis
751 2095 899 2158 juxta
926 2097 1217 2146 Sorfolden
1241 2096 1512 2144 districtus
1540 2095 1812 2143 Saltensis.

428 2175 546 2229 219.
583 2164 987 2214 SAXIFRAGA
1005 2176 1260 2232 petraea:
1302 2165 1442 2211 foliis
1470 2161 1906 2211 cuneiformibus
1928 2161 2092 2225 quin-

635 2233 974 2295 quedentatis
1000 2233 1407 2299 glabriusculis‚
1447 2232 1596 2280 caule
1633 2229 1966 2278 nudiusculo
2005 2244 2093 2291 cy-

634 2317 828 2362 moso,
866 2301 1133 2350 fructibus
1161 2302 1440 2367 oblongis,
1478 2298 1824 2365 stigmatibus
1860 2298 2095 2359 calycem

639 2371 1040 2434 superantibus.

568 2437 622 2487 S.
648 2449 843 2503 petraea
867 2434 1039 2486 Limz.
1075 2451 1223 2504 spec.
1256 2435 1442 2502 plant.
1475 2453 1527 2501 p.
1563 2442 1680 2497 578.
1753 2430 1903 2482 Hor.
1937 2430 2092 2500 Iapp.

705 2522 761 2554 n.
794 2518 902 2569 173.
960 2503 1114 2554 Vahl
1136 2507 1197 2554 in
1222 2517 1335 2554 acc.
1365 2503 1494 2553 bisc.
1520 2515 1640 2551 nac.
1666 2498 1828 2571 hafn.
1855 2514 1902 2550 2.
1917 2517 1969 2565 p.
1991 2497 2095 2546 ιο.“

708 2570 988 2623 Wllden.
1013 2590 1160 2641 spec,
1192 2587 1236 2622 2.
1263 2591 1315 2638 p.
1340 2572 1458 2637 654.
1501 2569 1694 2620 Οιιηη.
1718 2584 1871 2619 ιιονν.
1895 2585 1950 2618 n.
1974 2575 2093 2631 427.

708 2652 747 2688 t.
774 2655 821 2704 9.
852 2641 884 2689 f.
919 2659 937 2689 1
965 2671 987 2681 -
1008 2653 1056 2704 5.
1129 2639 1212 2690 Fl.
1240 2640 1376 2689 dan.
1410 2660 1453 2689 ι.
1484 2652 1520 2689 t.
1549 2638 1631 2700 63.
1699 2683 1707 2686 ,

572 2709 624 2758 S.
652 2708 955 2773 hypnoides
977 2705 1200 2773 Scopol.
1231 2726 1388 2758 carn.
1412 2726 1466 2775 p.
1491 2707 1606 2773 296.
1636 2717 1672 2756 t.
1701 2703 1779 2754 ι6.

572 2776 625 2828 S.
676 2788 1021 2893 οἷηῑῐοῑὲετεει
1068 2775 1379 2847 Scernberg
1425 2771 1634 2846 scucffr.
1693 2792 1745 2841 p.
1791 2778 1875 2836 45.
1924 2781 1962 2820 t.
2017 2768 2095 2820 16.

739 2880 751 2893 .
791 2862 811 2894 ι
840 2873 862 2886 -
923 2881 934 2893 .
1255 2860 1261 2865 “

574 2911 630 2964 S.
652 2912 982 2963 adscendens
1007 2909 1257 2985 Wuffen
1278 2915 1340 2963 in
1360 2911 1559 2979 Jacqu.
1587 2909 1803 2961 collect.
1836 2925 1879 2957 ι.
1902 2924 1955 2973 p.
1984 2918 2095 2972 197.

723 2992 759 3029 t.
805 2997 882 3029 ιι.

495 3042 644 3098 Hah.
670 3050 732 3097 in
755 3050 984 3115 rupibus
1007 3047 1158 3100 siccis
1174 3050 1422 3100 mei-idlei
1446 3048 1702 3115 expositis
1717 3055 1841 3093 tum
1855 3044 2101 3108 ipsarum

492 3136 498 3142 ·
576 3118 789 3183 alpium
815 3119 1264 3168 meridionalium
1288 3136 1368 3169 ex.
1393 3135 1468 3184 gr.
1492 3117 1557 3166 ad
1590 3113 1916 3163 Lill-Tokin
1950 3110 2101 3173 juxta

577 3183 928 3248 Virih-jaur,
966 3198 1089 3235 tum
1107 3188 1209 3236 sub
1235 3190 1362 3252 ipsis
1386 3185 1594 3248 alpibus
1634 3198 1713 3230 ex.
1740 3196 1816 3244 gr.
1852 3179 1914 3226 ad
1935 3180 2100 3227 Torr-

580 3251 796 3316 fjorden
819 3254 1070 3304 Saltensis
1101 3267 1154 3304 et
1187 3253 1543 3303 Ginesskaliae
1572 3247 1949 3298 Nox-‹UandIcae
1980 3262 2101 3312 par-

581 3321 695 3370 cius
707 3336 722 3379 3
745 3332 808 3370 ut
828 3323 997 3373 etiam
1020 3323 1253 3373 Maasiiae
1276 3320 1602 3372 Finmarkiae
1625 3318 1740 3365 visa
1761 3312 2101 3365 anmnero.
