2194 3893
387 230 460 266 10
959 192 962 197 ’
989 213 1411 266 DIANDRIA.
1458 273 1461 276 ,

443 360 544 410 pus
569 345 922 410 glaberrimus
948 345 1092 409 apice
1114 362 1330 411 semper
1352 357 1544 395 rectus.
1617 345 1830 397 Corolia
1857 349 2028 399 albida

445 415 584 462 striis
616 414 1026 461 flavescentibus
1061 416 1331 479 praecipue
1363 417 1422 463 in
1456 416 1676 475 calcare,
1738 433 1857 481 quae
1886 420 2025 467 striae

444 482 544 530 sub
603 484 950 530 exsiccatione
993 494 1435 546 purpurascentes
1491 483 1745 532 evadunt.
1848 484 2027 534 Calcat

443 565 658 614 semper
680 565 862 597 versus
887 549 1097 596 labium
1120 550 1348 598 inFerius
1372 568 1680 600 recurvum.
1737 552 1849 600 Sub
1877 554 2027 603 Fauce

442 617 588 666 adest
609 618 818 666 macula
842 618 1014 668 ssavo·
1031 618 1240 665 barbata
1260 651 1275 676 ,
1313 634 1433 683 quae
1455 621 1594 683 apud
1619 637 1726 668 var.
1752 628 1801 672 β.
1828 621 1935 669 abit
1964 623 2025 669 in

439 686 678 734 maculas
705 686 833 733 eluas
858 686 1114 733 loborum
1139 686 1266 734 labii
1292 687 1563 735 inferioris
1580 688 1735 736 flavas
1750 689 2026 755 simulque

440 753 555 801 lobi
589 771 615 801 a
649 754 978 803 seinvicem
1012 751 1166 802 crena
1202 764 1544 818 separantur,
1593 757 1677 803 hae
1711 771 1840 804 vero
1879 770 2024 805 notae

440 822 585 869 haud
609 838 824 887 semper
851 823 1127 870 evidentes
1163 833 1294 870 sunt
1332 840 1434 871 nec
1468 824 1669 870 limites
1705 825 2026 883 admittunt,

439 890 588 938 unde
620 901 792 938 certus
817 906 1098 955 persuasus
1137 907 1282 949 sum,
1320 891 1466 956 quod
1487 888 1877 954 Rsscwescens
1910 903 2025 940 tan-

439 969 566 1005 tum
587 959 809 1006 varietas
833 959 966 1006 levis
992 970 1069 1006 est
1098 959 1155 1006 P.
1185 958 1414 1025 alpinae.
1488 958 1596 1007 Nec
1624 976 1831 1008 nom-en
1863 959 2024 1018 flave-

410 1030 420 1042 '
438 1043 590 1074 scens
621 1028 744 1074 satis
776 1028 1106 1074 conveniens
1131 1038 1238 1086 est,
1273 1044 1400 1075 cum
1417 1027 1623 1075 corolla
1652 1024 1883 1076 ornnino
1910 1028 2026 1075 alba

437 1096 703 1158 reperitur
726 1096 955 1158 exceptis
980 1096 1207 1143 maculis
1237 1095 1605 1142 flavicantibus
1623 1096 1845 1144 villosis.
1888 1094 2024 1161 Cap·

438 1164 549 1209 sula
574 1165 629 1208 in
655 1162 917 1208 ambabus
948 1173 1170 1210 rostrata
1193 1164 1278 1210 vel
1299 1166 1622 1211 acuminata.
1714 1214 1717 1217 ,

373 1241 450 1294 15.
487 1228 925 1278 PiNGUICULA
948 1229 1226 1297 vulga-ris.-
1273 1233 1510 1281 nectario
1544 1231 1796 1280 subulato
1831 1232 2025 1281 rectiu-

569 1298 720 1347 sculo
744 1298 1095 1363 longitudino
1122 1301 1302 1364 petali.

500 1366 560 1416 P.
591 1367 827 1432 vulgaris
850 1363 1020 1415 Lz'nn.
1045 1384 1184 1416 σφεα,
1213 1385 1266 1414 n.
1295 1377 1375 1429 25.
1426 1367 1660 1435 lappon.
1685 1384 1738 1416 n.
1764 1362 1839 1416 11.
1884 1364 2024 1416 Oecl.

625 1432 701 1500 ss.
737 1431 871 1482 dan..
916 1447 950 1482 t.
985 1448 1066 1500 93.
1138 1434 1361 1504 Liglzlfsss
1397 1449 1534 1484 scot.
1571 1454 1623 1502 p.
1661 1436 1743 1499 76.
1823 1433 2025 1503 Zoega

640 1500 847 1551 island.
893 1528 962 1536 --
1003 1501 1203 1552 Laude
1231 1501 1535 1572 faeroens.
1582 1530 1650 1565 -ss
1700 1502 1882 1552 Gmel.
1922 1502 2019 1552 sib.

580 1607 585 1611 -
637 1583 684 1634 5.
709 1589 760 1636 p.
787 1581 902 1632 225.
980 1570 1376 1640 Georgilsslor.
1401 1571 1609 1621 baffia-l.
1632 1589 1685 1637 p.
1714 1582 1824 1635 195.

433 1647 480 1695 β.
517 1642 777 1688 tenuior:
825 1640 976 1708 ¹,flore
1027 1644 1278 1702 minore,
1353 1658 1508 1708 scapo
1564 1656 1797 1705 superne
1848 1641 2022 1706 magis
2092 1649 2097 1655 ”

568 1709 780 1755 villosa
857 1760 862 1763 ,

499 1774 561 1823 P.
585 1776 777 1824 villosa
809 1772 1002 1823 Gmm.
1021 1775 1096 1842 ss.
1123 1793 1277 1824 norw.
1306 1793 1360 1823 n.
1384 1776 1478 1838 641
1496 1775 1523 1823 ‘2

433 1842 567 1892 Hal).
607 1845 735 1891 locis
760 1845 1044 1908 uliginosis
1069 1862 1162 1910 per
1185 1848 1498 1892 universam
1535 1843 1872 1907 Lapponiam
1899 1843 2022 1890 ubi-

501 1914 606 1976 'que
631 1913 876 1976 copiose,
916 1915 1080 1961 etiam
1108 1916 1164 1960 in
1190 1912 1401 1976 alpibus
1429 1927 1764 1976 quamquam
1795 1913 2020 1975 parcius.

499 1991 546 2035 β.
585 1983 643 2028 in
678 1980 889 2043 alpibus
923 1980 1056 2029 locis
1091 1981 1395 2046 spongiosis
1430 1981 1673 2045 sphagno
1697 1979 2024 2027 abundanti-

499 2050 600 2097 bus
624 2050 850 2113 parcius.

368 2123 445 2181 14.
483 2113 923 2167 PINGUICULA
946 2111 1175 2162 villosa..-
1212 2116 1449 2163 nectario
1486 2115 1734 2163 aciculari
1755 2125 1896 2163 recto
1928 2131 2022 2181 pe.

568 2186 675 2233 talo
701 2185 981 2250 longiore,
1018 2197 1172 2246 scapo
1197 2182 1392 2231 villoso
1422 2186 1567 2248 apice
1592 2194 1841 2233 nutante.

496 2254 556 2304 P.
593 2254 787 2302 villosa
818 2249 990 2300 Limz.
1017 2265 1158 2298 sveC.
1183 2265 1240 2295 n.
1267 2265 1349 2313 27.
1421 2250 1654 2317 lappon.
1681 2268 1736 2299 n.
1768 2262 1844 2313 15.
1871 2261 1907 2297 t.
1942 2263 2019 2298 12.

634 2322 671 2369 f.
698 2335 743 2369 2.
806 2317 1049 2386 Georgii
1071 2320 1132 2367 ic,
1156 2315 1309 2368 sibila
1340 2337 1380 2366 ι.
1406 2337 1458 2385 p.
1484 2332 1568 2384 92.
1607 2331 1659 2369 et
1699 2329 1807 2383 195.
1865 2315 2016 2368 Flor.

636 2386 772 2437 dan.
797 2387 846 2435 6.
874 2388 978 2435 tab.
1011 2401 1157 2435 1021.
1184 2386 1342 2435 bona.

431 2458 572 2507 Hab.
628 2459 688 2505 in
741 2457 1020 2520 Lapponia
1063 2454 1318 2518 sylvatica
1371 2466 1423 2504 et
1465 2456 1822 2521 subsylvatica
1870 2453 2020 2517 juxta

497 2525 721 2591 paludes
747 2525 845 2572 ubi
869 2524 1192 2589 Sphagnum
1216 2525 1495 2573 luxurians
1519 2525 1766 2573 tumulos
1799 2522 2017 2581 sormat,

499 2594 697 2659 quibus
720 2592 982 2640 inhabitat
1005 2591 1114 2638 fere
1137 2589 1341 2656 ubique
1367 2596 1595 2658 copiose.
1675 2594 1827 2640 Lecta
1853 2601 1931 2638 est
1958 2593 2017 2639 in

498 2662 740 2727 paroecia
761 2660 1051 2708 Jockmock
1073 2658 1137 2706 ad
1158 2658 1459 2709 Vuollerim
1494 2672 1545 2710 et
1565 2660 1920 2717 Storbacken,
1957 2659 2016 2705 in

497 2730 798 2778 Enontekis
822 2728 1034 2786 media,
1074 2728 1131 2774 in
1157 2726 1330 2777 Enare
1354 2729 1414 2775 ad
1442 2727 1847 2791 Kamajoensuu
1864 2759 1881 2784 ,
1916 2742 2017 2791 nec

502 2814 618 2846 non
646 2797 710 2844 ad
734 2796 999 2860 Varanger
1024 2795 1346 2843 Finmarkiae
1368 2798 1676 2845 orientalis.·

566 2866 736 2931 Magis
762 2866 995 2912 serotina
1026 2865 1107 2929 est
1139 2880 1305 2928 quarn
1327 2865 1384 2912 P.
1411 2866 1666 2930 vulgaris.

563 2932 896 2982 Praecedenti
911 2948 966 2980 re
987 2947 1112 2979 vera
1132 2932 1288 2980 valde
1317 2931 1513 2992 affinis,
1538 2944 1774 2994 attamen
1800 2928 2015 2978 abunde

429 3000 649 3052 diversa.
720 3001 910 3048 Planta
934 2999 1089 3047 valde
1112 3001 1294 3047 tenuis
1320 3012 1399 3047 est
1425 3012 1476 3058 et
1505 2999 1838 3066 praecedente
1866 2998 2011 3045 mul-

427 3072 586 3119 toties
621 3070 874 3118 tenerior.
957 3067 1104 3116 Folia
1140 3068 1479 3116 subrotun'da
1520 3070 1777 3131 utrinque
1819 3075 2011 3112 rotun-

429 3139 578 3198 data,
627 3153 844 3202 semper
875 3151 1036 3201 parva
1068 3151 1360 3199 nunquam
1392 3135 1797 3202 longitudInem
1843 3134 2013 3180 trium

427 3206 702 3254 linearum
726 3200 1063 3264 excedentia,
1100 3204 1252 3252 valde
1277 3218 1505 3251 concava
1536 3215 1590 3251 et
1618 3199 2011 3266 pateraeformia

429 3274 498 3323 ob
518 3274 799 3340 margines·
817 3271 1064 3336 undique
1085 3271 1327 3320 inflexos.
1363 3270 1561 3335 Scapus
1585 3268 1899 3327 setifonnis,
1930 3284 2011 3318 re·
